2160 3442
372 149 449 195 JULll
473 148 651 197 AGRlCOLAE.
921 163 954 218 51

57 265 133 337 silio,
153 264 280 322 universi
299 281 404 322 nonam
427 264 581 338 legionem,
601 269 634 321 ut
653 282 775 323 maxume
795 267 958 339 invalidam,

56 353 773 427 noeteaggressi,intersomnumaotrepidationem
784 357 953 431 eaesisvigili

55 442 960 518 busirrupero.lamqueinipsiseastrispugnabatur,oumAgri·

56 532 129 599 oola,
138 531 193 588 iter
205 531 332 589 hostium
341 532 375 588 ab
387 532 615 603 exploratoribus
626 533 757 590 edoctus¹
768 538 798 591 et
810 535 960 608 vestigiis²

56 618 214 689 insecutus,
243 619 439 676 velocissimos
461 621 590 694 equitum
614 621 799 694 peditumque
820 624 960 681 assultare

58 708 165 782 tergis⁵
179 708 369 782 pugnantium
380 709 471 782 jubet,
483 725 548 765 mox
560 710 595 765 ab
608 710 750 767 universis
764 710 847 784 adjici
861 713 961 769 clamo

55 812 137 866 rem,
152 799 182 852 et
192 795 354 869 propinqua
365 797 427 852 luoe
441 795 546 853 fulsere
569 797 678 869 signat
700 797 742 854 lta
757 797 872 871 ancipiti
884 800 960 856 malo

56 883 152 942 territi
167 883 308 954 Britanni,
322 888 351 941 et
365 884 501 941 Romanis
512 884 597 942 rediit
609 886 733 955 animus,
744 904 776 943 ao
787 887 878 944 securi
892 893 960 961 pro⁸

56 973 152 1030 saluto
173 972 207 1028 de
226 973 319 1045 gloria
332 973 488 1030 certabant.
515 973 614 1031 Ultro‘
635 975 703 1049 quin
724 975 809 1032 etiam
829 992 959 1049 erupere,

56 1067 87 1120 et
99 1062 156 1120 ruit
168 1067 249 1120 atrox
264 1062 293 1119 in
307 1062 377 1135 ipsis
390 1068 539 1134 portarum
548 1065 693 1138 angustiis
714 1066 855 1138 proelium,
873 1068 961 1123 donee

57 1154 148 1229 pulsi⁷
164 1156 271 1226 hostes,
289 1159 411 1228 utroque
431 1156 555 1212 exercitu
571 1159 708 1225 certante,
730 1157 784 1224 his,
807 1163 838 1214 ut
860 1159 961 1215 tulisse

57 1259 152 1317 opem,
167 1243 233 1310 illis,
249 1261 285 1301 no
299 1243 413 1317 eguisse
427 1244 530 1300 auxilio
546 1243 720 1303 viderentur.
733 1245 816 1312 Quod
831 1246 901 1303 nisi·
915 1264 961 1319 pa-

57 1334 141 1390 ludes
155 1337 184 1390 et
194 1333 271 1389 silve
291 1331 435 1405 fugientes
449 1332 597 1392 texissent.
612 1333 784 1391 debellatum
808 1335 857 1391 illa
874 1336 961 1392 victo-

56 1421 101 1479 ria
113 1422 196 1479 foret.

93 1509 204 1567 XXVII.
241 1508 329 1582 Cujus
355 1508 528 1567 conscientia
552 1526 584 1565 ac
616 1509 691 1566 sama
710 1510 787 1567 ieron
821 1514 960 1571 exercitus

57 1597 130 1656 nihil
145 1597 244 1656 virtuti
256 1615 314 1654 suae
329 1598 437 1654 invium
450 1602 478 1655 et
492 1598 695 1670 penetrandam
706 1598 904 1656 Caledoniam¹
919 1602 960 1656 in-

58 1687 286 1760 veniendumque
298 1688 410 1743 tandem
419 1686 573 1743 Britannia
583 1685 736 1744 terminum
746 1687 880 1746 continuo
889 1706 961 1761 proe·

58 1776 164 1834 liorum
176 1780 279 1833 eursu·
294 1776 466 1846 fremebant3
491 1780 576 1849 atque
596 1775 636 1831 illi
661 1777 745 1833 modo
764 1777 858 1833 eanti³
876 1795 907 1834 ae
921 1795 961 1835 sa·

58 1867 170 1940 pientes
194 1865 333 1938 prompti⁴
357 1867 422 1936 post
446 1869 579 1923 eventum
604 1882 636 1921 ao
667 1865 843 1940 magniloqui
868 1872 958 1924 erant.

58 1953 243 2028 Iniquissima
257 1954 315 2010 haeo
329 1954 470 2010 bellorum
485 1953 609 2011 eonditio
624 1957 667 2008 est
684 1974 691 2008 :
712 1970 848 2025 prospera
860 1970 959 2014 omues

58 2044 114 2101 sibi
126 2042 280 2111 vindicant,
292 2043 410 2099 adversa
423 2043 471 2098 uni
487 2043 693 2112 imputanturl.
712 2044 747 2098 at
760 2042 888 2098 Britanni
903 2061 958 2100 non

85 2203 166 2248 xxvi.
184 2210 202 2248 l.
223 2203 293 2248 lter...
310 2203 412 2247 edootue.
428 2203 484 2247 Gon-

58 2266 165 2313 struotion
177 2265 269 2310 rnnetue
283 2278 309 2310 en
320 2278 390 2321 prose,
400 2267 453 2310 dans
464 2268 484 2311 la

60 2331 140 2383 langue
157 2329 270 2384 classique.
287 2353 314 2362 -
325 2338 345 2374 2.
368 2330 484 2385 Vestipite,

59 2391 103 2435 abl.
118 2391 144 2434 de
154 2389 197 2434 lieu
208 2403 214 2434 ι
227 2391 269 2433 ela
277 2390 344 2446 pisto;
355 2392 483 2444 insecutus,

59 2465 112 2498 saus
132 2452 280 2507 eompltmem,
296 2453 398 2510 e'quiraut
411 2455 422 2494 a
434 2465 485 2507 pm

59 2520 155 2560 secutus
166 2526 211 2558 eoo.
222 2537 248 2547 -
257 2521 277 2560 t.
293 2516 379 2572 Terqie.
391 2515 486 2558 Ailleurs

61 2580 136 2632 (Anae.
159 2577 357 2633 1,s¹)oeeuuare
378 2585 410 2621 est
438 2589 487 2620 oon·

60 2638 127 2684 struit
135 2649 173 2693 par
180 2638 252 2682 Tacite
265 2650 315 2682 avec
324 2638 447 2682 l'aoousatii.
456 2638 485 2680 De

61 2706 123 2745 toute
135 2700 235 2754 muniere,
249 2700 301 2744 o'eet
313 2714 353 2744 une
366 2700 486 2756 expression

61 2762 170 2820 poetique.
189 2785 216 2796 -
229 2767 249 2807 l.
261 2764 343 2819 stane,
359 2763 390 2806 les
411 2762 484 2816 aigles.

61 2825 186 2880 compares,
198 2824 262 2868 Ano.
278 2826 294 2878 l,
311 2832 344 2877 eo,
357 2823 486 2868 l’admirable

62 2886 117 2931 reeit
137 2886 199 2930 d'une
219 2892 304 2944 attaque
323 2889 360 2930 des
375 2886 487 2930 Germains

62 2953 138 2993 eontra
159 2948 191 2991 les
210 2953 296 3004 troupes
315 2949 341 2992 de
364 2947 448 2992 Ctoina.
460 2971 486 2979 -

63 3017 84 3057 ι.
97 3013 153 3062 Pro,
166 3011 344 3064 epternacum,
364 3022 389 3053 ee
413 3015 487 3056 trouve

540 2203 626 2247 tenuive.
640 2202 673 2247 Ci.
683 2203 744 2259 ehap.
756 2203 849 2259 preotd„
864 2210 913 2249 note
927 2213 958 2250 18.

538 2289 565 2299 -
584 2274 602 2311 7.
615 2267 690 2319 Putet,
701 2273 805 2310 sous-ent.
817 2273 881 2311 eunt.
900 2291 925 2301 -
941 2277 959 2314 e.

539 2329 672 2380 Quodnisi.
684 2329 717 2371 Cf.
728 2329 762 2371 ch.
775 2335 806 2380 lo,
820 2335 869 2371 note
886 2337 915 2374 lo.

565 2390 654 2432 xxvii.
669 2398 689 2434 t.
709 2393 882 2434 Penetrnndum
900 2392 961 2436 Gale

539 2453 644 2502 denium,
653 2464 679 2495 uu
689 2451 732 2494 lieu
740 2453 765 2495 de
774 2464 780 2495 :
789 2455 961 2505 penetrandum

540 2515 567 2556 in
576 2511 734 2554 Caledoniam.
744 2511 824 2562 Tacite,
835 2511 962 2564 ll'exemple

542 2575 579 2617 des
588 2575 667 2628 poetes,
677 2570 767 2627 emploie
776 2571 891 2615 volontiers
897 2585 962 2625 pene

541 2642 605 2679 trare
616 2646 696 2677 nomme
711 2634 774 2677 verbe
789 2633 894 2677 transilii.
909 2634 962 2687 Voy.

542 2701 604 2741 Anu.
613 2699 630 2750 l,
637 2704 662 2740 69
671 2709 696 2738 ια
705 2696 724 2738 ld
736 2695 815 2737 Tiberii
826 2694 920 2737 animum
930 2696 962 2737 at-

543 2762 586 2804 tius
595 2757 727 2813 panormum
737 2772 748 2796 ι
758 2756 872 2808 ei.tV,lt:
883 2768 963 2810 «pene-

541 2829 595 2866 trata
605 2820 726 2865 Germania.
738 2835 781 2859 ι-
791 2827 811 2862 2.
822 2818 962 2861 Praetorem

540 2894 620 2926 eursu.
640 2881 714 2933 Gomp.
733 2881 793 2932 cnrp.
810 2881 880 2920 ³92«
900 2876 961 2919 llune

541 2957 610 2988 rerum
629 2952 746 2985 cursum.»
764 2962 790 2972 -
804 2945 826 2984 t.
841 2939 879 2982 lttt
891 2939 960 2981 modo

543 3001 983 3062 couti>lopati-atmemamueaxemu

55 3070 174 3115 tondete:
182 3072 291 3117 Tite-tire
301 3076 381 3120 stelae:
389 3073 490 3135 Statque
549 3072 645 3119 eramiae
658 3075 684 3114 et
692 3065 831 3111 tironiae
839 3066 865 3103 κ.
874 3057 1002 3102 pampus.
1049 3122 1055 3131 ¹

48 3128 160 3186 W'Wd
177 3139 234 3180 -1,
248 3135 323 3193 uum,
335 3143 433 3192 pronam
443 3139 493 3186 l'ol-
555 3135 740 3186 determlntsw
748 3123 836 3174 utine
846 3114 1023 3166 tanquamque
