2160 3442
88 125 124 178 ao
358 136 399 182 on
420 137 495 181 urna
516 139 555 182 nr
577 136 715 181 iionraus

87 252 115 305 et
136 249 276 305 inscitiam
299 249 429 307 retulit02
454 249 506 307 sed
528 265 644 306 noscere
667 247 842 322 provinciam
852 251 886 317 ¹⁰,
908 250 987 306 nosci

86 336 230 405 exercitui,
244 337 351 393 discere
364 354 381 393 a
397 337 506 409 peritis,
522 339 603 410 sequi
618 337 750 410 optImos,
768 335 838 392 nihil
853 341 987 409 appetere

87 424 116 479 in
128 424 345 497 jactationem¹¹,
362 424 432 480 nihii
448 427 482 482 ob
496 425 676 482 formidinem
688 440 830 495 recusare,
842 423 986 498 simulque

85 518 113 571 et
132 513 262 569 anxius¹¹
279 518 307 569 et
327 514 455 570 intentus
478 530 572 586 agere.
596 513 659 570 Non
674 529 742 569 sane
763 513 833 569 alias
848 515 986 572 exercita·

86 601 174 658 tior¹⁸
194 601 342 674 magisque
358 601 387 657 in
402 600 566 674 ambiguo¹⁸
586 600 735 657 Britannia
755 601 808 656 tuit
824 620 831 655 :
848 602 984 659 trucidati

86 689 249 758 veterani¹⁸,
262 689 384 745 incensae
397 688 552 759 coloniae¹⁰,
564 688 711 761 intercepti
727 689 911 761 exercitus¹⁷3
923 694 985 747 tum

84 780 119 834 de
142 778 244 845 salute,
265 793 329 833 mox
344 777 380 833 de
397 778 516 833 uictoria
537 781 689 834 certavere.
713 777 781 844 Qua
805 780 908 837 cuncta
932 779 984 836 etsi

84 865 209 923 consiliis
225 866 369 938 ductuque
387 866 504 922 alterins
523 867 680 938 agebantur
692 882 723 921 ac
736 882 847 922 summa
861 869 985 923 rernm¹⁸

83 957 112 1010 et
125 957 297 1024 recuperata
316 953 466 1026 provinciae
481 953 572 1024 gloria
588 954 616 1009 in
642 954 741 1008 ducem
755 953 875 1023 cessitti,
891 959 983 1013 artem

83 1046 112 1097 et
124 1043 232 1096 usum¹⁰
246 1044 275 1097 et
290 1041 422 1097 stimulos
437 1041 593 1098 addidere¹¹
607 1042 714 1114 juveni,
732 1041 906 1115 intravitque
923 1045 984 1101 ani-

85 1147 162 1186 mum
186 1129 319 1185 militaris
342 1129 441 1204 gloriae
460 1130 572 1202 cupido,
592 1131 705 1202 ingrata
724 1130 902 1201 temporibus
921 1132 984 1204 qui·

83 1219 137 1274 bus
158 1217 274 1274 sinistra
291 1234 361 1290 erga
382 1217 538 1275 eminentes
561 1217 756 1289 interpretatio
767 1219 791 1249 ²²
810 1234 861 1275 uec
887 1218 983 1276 minus

82 1305 240 1379 periculum
255 1323 288 1362 ex
300 1322 405 1378 magna
420 1306 524 1361 iama⁸³
538 1323 624 1376 quam
638 1323 670 1361 ex
683 1307 767 1361 mala.

82 1493 135 1541 pour
145 1483 259 1536 beaucoup.
267 1505 293 1513 -
301 1487 320 1524 t.
330 1481 421 1533 Retulit,
431 1482 502 1524 c.-t-d.

80 1543 182 1599 spectate
196 1544 286 1597 putavit
305 1544 416 1598 (onager).
427 1565 453 1575 -
468 1550 501 1588 to.

558 1493 596 1537 par
606 1494 633 1524 un
646 1481 734 1535 procedi
748 1481 846 1526 oratoire.
857 1506 884 1516 -
898 1491 930 1529 tt.
946 1488 983 1530 In·

558 1544 651 1596 terceptt
670 1545 797 1595 exercitus,
821 1544 858 1587 des
878 1549 984 1601 corpedo

81 1609 180 1653 Noeccrc
189 1605 374 1659 propitiatam...,
382 1609 423 1648 etc.
434 1605 504 1649 L'enr-

79 1668 124 1723 ptoi
135 1667 173 1710 des
185 1667 284 1709 infinitite
294 1668 320 1709 de
332 1666 448 1720 narration‚
462 1668 504 1712 trt-

80 1735 147 1786 quent
163 1729 214 1772 chez
230 1730 333 1782 Satinste,
355 1742 381 1773 ne
398 1730 447 1772 i'est
466 1743 505 1785 pas

82 1790 151 1834 moins
160 1791 210 1833 chez
216 1791 296 1834 Tacita.
303 1791 356 1846 Voy.
365 1795 502 1843 notamment,

82 1853 131 1908 plus
141 1852 192 1901 toin,
206 1851 265 1907 chap.
281 1858 312 1900 39.
323 1859 349 1896 ao
359 1856 381 1895 st
392 1860 425 1896 at.
436 1875 462 1884 -
471 1860 502 1896 tt.

80 1915 109 1956 tae
115 1914 274 1969 punctionem,
288 1926 313 1957 en
326 1926 367 1957 ane
377 1913 403 1956 de
415 1925 438 1956 ss
452 1913 504 1957 taire

81 1979 155 2022 ratoir.
163 1981 198 2030 tn,
209 1978 259 2021 chen
270 1977 350 2030 Tacite,
364 1989 451 2033 maique
463 1977 502 2020 irt-

81 2045 201 2096 qnemment
218 2039 237 2081 ie
255 2040 300 2082 but.
315 2039 372 2082 Dans
390 2039 409 2081 ia
425 2038 503 2092 langue

81 2101 193 2155 classique,
202 2105 255 2143 cette
262 2100 406 2144 construction
418 2101 450 2143 n'a
461 2100 501 2143 lieu

81 2162 167 2217 qu'arec
179 2174 208 2203 un
221 2161 322 2216 participe
331 2174 357 2203 en
370 2164 422 2204 dna.
433 2184 459 2193 -
471 2168 502 2205 12.

81 2223 188 2272 Annius,
214 2223 341 2277 preoccupe,
364 2221 502 2274 caat-adire,

81 2284 116 2337 ici,
130 2282 232 2336 vigilant3
250 2285 360 2336 intentus,
369 2284 416 2339 pret
427 2283 438 2324 a
448 2289 500 2335 tout,

81 2348 112 2390 les
132 2352 222 2388 ressonis
239 2346 264 2388 de
281 2357 320 2388 soa
342 2345 428 2398 e'nergie
446 2347 503 2388 etant

82 2410 178 2464 tonjonrs
193 2409 278 2451 tendus.
294 2432 321 2441 -
340 2417 371 2454 ts.
385 2411 503 2452 Enercita-

81 2472 127 2514 tior
143 2472 244 2525 tqurvaut
261 2471 359 2524 impe
372 2473 464 2526 aptteto.
478 2495 504 2502 —

83 2541 115 2576 ιι.
128 2532 204 2586 Mapte
216 2531 243 2572 in
259 2529 377 2583 emtique,
390 2530 445 2573 daus
463 2544 505 2577 nne

81 2593 185 2637 situation
199 2594 247 2647 ptus
260 2589 360 2644 ortuque.
373 2590 406 2633 ct.
418 2592 450 2634 ch.
461 2597 504 2637 ttr

83 2655 133 2698 «de
149 2652 285 2709 possessione
302 2650 430 2695 dubitatum.
449 2667 461 2694 a
479 2677 505 2688 -

83 2723 114 2760 tt.
137 2715 253 2765 Veterani,
273 2716 310 2756 des
329 2713 434 2766 veterane,
453 2727 504 2760 ceux

82 2778 119 2834 qui
140 2779 235 2820 tenaient
255 2773 358 2828 parnison
377 2775 389 2816 a
407 2775 505 2821 Camulo-

82 2843 169 2883 dunum.
183 2840 238 2893 Voy.
255 2838 326 2879 Anca..
336 2834 395 2889 XiV,
407 2839 441 2881 ch.
450 2845 473 2883 31
481 2847 505 2884 et

80 2902 135 2945 anie.
150 2924 177 2934 -
196 2907 227 2945 tt.
241 2901 347 2944 Catonis.
363 2901 395 2946 On
415 2914 441 2946 ns
453 2915 503 2946 con-

81 2969 125 3007 nart
134 2976 172 3018 pas
180 2965 261 3005 d'antre
270 2964 351 3006 colonie
365 2976 407 3018 qua
416 2965 468 3007 celle
477 2965 502 3007 de

80 3024 257 3067 t'amutodununr.
285 3022 314 3065 Le
339 3023 414 3077 pluriei
435 3026 503 3078 parait

79 3087 124 3128 tua
133 3085 175 3128 mis
187 3085 214 3127 ici
227 3096 279 3136 pour
289 3088 416 3139 augmenter
430 3085 501 3138 t'ettet,

559 1609 644 1658 troupes
661 1605 730 1646 iurent
748 1606 841 1657 anienis,
859 1607 916 1650 leurs
926 1621 984 1651 oom-

558 1665 700 1708 munications
716 1671 779 1721 ayant
789 1667 822 1709 eti
836 1671 934 1722 coaptas.
948 1672 981 1715 ct.

558 1728 616 1770 trist.
630 1727 666 1781 tv,
682 1734 705 1771 ts
719 1740 724 1771 :
739 1743 752 1766 e
761 1740 816 1783 quos
827 1729 930 1773 discretos
950 1731 983 1774 iu-

558 1788 659 1842 tercipere
672 1788 778 1832 licuisset.
790 1798 871 1835 ι-ι3.
882 1791 983 1836 Summo

557 1861 645 1902 emm,
657 1850 677 1892 te
692 1856 740 1893 tout
760 1851 797 1892 des
818 1851 947 1907 operatione,
964 1855 983 1898 ie

557 1912 630 1952 succes
659 1911 720 1953 fluat.
749 1910 781 1953 Cf.
806 1913 867 1956 Aean.
890 1914 915 1966 ii,
938 1922 982 1961 tt:

557 1987 570 2012 e
577 1972 629 2014 satis
639 1973 749 2026 probatum
758 1984 821 2027 penes
831 1981 890 2018 utros
898 1988 982 2021 summa

557 2033 607 2077 betti
634 2033 730 2077 tuerit»
756 2058 782 2066 -
808 2041 839 2079 19.
852 2039 879 2078 tn
898 2039 982 2083 ducem

557 2098 631 2140 cessit.
661 2098 716 2152 Voy.
739 2098 758 2141 la
780 2100 848 2143 meme
872 2106 981 2158 murnum,

556 2161 620 2202 Ann.
634 2161 684 2213 t,t;
701 2162 726 2214 ΙΙ,
737 2164 847 2213 amittet
861 2165 895 2217 111,
909 2173 942 2210 33.
956 2191 981 2200 -

557 2230 589 2266 2⁰.
607 2224 687 2265 Artem
701 2229 721 2266 ct
733 2237 813 2277 neum,
838 2227 857 2269 te
874 2228 946 2271 sarcir
960 2236 982 2274 at

557 2284 699 2340 l’axperienee.
712 2286 786 2341 Comp.
801 2287 871 2340 Ctsar,
883 2290 909 2333 B.
920 2292 945 2334 G.
956 2293 981 2347 11,

557 2352 598 2389 20:
613 2360 623 2385 ι
635 2347 739 2390 Scientta
751 2353 772 2390 et
783 2360 841 2391 usna
859 2350 981 2396 militum.»

557 2431 583 2440 —
594 2416 627 2452 2¹.
640 2409 765 2458 Attenuare.
779 2423 815 2464 qur
823 2416 854 2454 est
862 2425 886 2455 en
895 2422 982 2469 rapport

557 2476 615 2513 exact
625 2470 650 2514 de
662 2483 711 2514 sens
721 2484 770 2514 avec
780 2485 818 2516 son
831 2474 915 2518 dernier
926 2491 981 2521 oeni-

558 2533 657 2588 prement,
670 2533 779 2588 iquivaut,
792 2548 829 2590 par
843 2545 930 2591 rapport
941 2552 979 2587 aua

557 2594 728 2647 decreuissent
737 2597 799 2640 verbe
806 2599 883 2653 simple
890 2601 982 2644 dedere.

556 2679 582 2688 -
595 2664 630 2700 22.
650 2656 789 2702 Sinistra...
808 2659 981 2712 interpretatio,

556 2716 683 2760 Entendez:
699 2720 783 2771 quibua
800 2722 827 2763 ob
841 2721 919 2775 ipsam
933 2724 983 2767 eir-

555 2783 624 2821 tutem
630 2785 649 2822 et
656 2780 747 2831 foueam
755 2783 932 2828 eninmtesviri
942 2798 983 2828 ot*-

554 2841 684 2896 puebantur
695 2849 815 2897 tamqnam
826 2847 946 2890 ambitiosi
958 2850 980 2889 et

554 2902 655 2954 scateat.
666 2904 699 2948 ct.
708 2906 772 2948 Ann.
783 2904 821 2958 IV,
828 2913 853 2952 33
866 2920 871 2950 ι
885 2923 898 2948 e
909 2909 980 2953 Etiam

556 2965 622 3018 gioria
628 2978 652 3008 ac
660 2967 729 3009 virtus
736 2967 831 3010 intensos
839 2969 906 3022 habet,
913 2976 938 3014 ut
947 2984 981 3015 na·

556 3025 596 3069 mis
605 3039 629 3069 ex
640 3027 759 3083 propinquo
769 3029 851 3072 diversa
861 3042 980 3083 arguens.»

555 3109 581 3119 -
597 3094 631 3132 33.
647 3090 684 3131 Eae
699 3101 787 3144 manno
802 3090 875 3141 sama.
890 3090 979 3146 Recine,
