2160 3442
90 141 123 192 'lss
362 151 401 196 DE
423 151 495 196 vire
519 152 558 196 ΕΤ
581 149 714 208 tionibus

90 266 182 338 prime
202 265 363 334 cessissent,
385 269 524 322 terrorem
544 264 645 321 ceteris
661 265 763 332 lore¹⁰,
780 263 983 322 lionaminsu·

90 356 157 421 lam,
183 354 264 428 cujus
287 353 494 426 possessione¹¹
527 355 690 409 revocatum
720 351 872 409 Paulinum
894 354 987 420 ,rebel-

90 443 165 500 lione
190 442 280 500 totius
304 441 457 498 Britanniae
480 441 597 514 supra²¹
619 440 785 507 memoravi,
806 441 939 515 redigere
960 442 988 498 in

88 533 257 602 potestatem
285 530 379 587 animo
397 530 557 586 intendit²².
578 528 645 592 Sed,
671 531 703 585 ut
726 527 754 584 in
778 529 882 585 subitis
898 529 989 586 consi-

90 618 176 692 liis¹⁴,
187 635 273 676 nares
287 619 434 675 deerant²⁸
451 639 456 674 :
474 617 546 674 ratic
561 620 590 673 et
603 615 793 672 constantia¹⁸
802 615 883 672 ducis
896 619 989 673 trans-

90 706 172 763 vexit.
200 705 341 779 Depositis
369 705 500 763 omnibus
528 703 657 775 sarcinis,
676 702 846 760 lectissimos
873 704 990 761 auxilla-

89 795 164 852 rium
178 797 212 863 ²²,
235 795 339 867 quibus
353 797 421 851 nota
444 793 516 848 vada
535 795 564 849 et
586 791 695 865 patrius
715 790 800 848 nandi
829 807 912 858 usus,
935 808 990 866 quo

89 882 175 939 simul
191 898 277 954 seque
289 885 318 939 et
331 898 411 938 arma
425 884 454 937 et
467 896 556 953 equos
575 884 688 953 regunt,
704 879 744 936 ita
762 883 879 952 repente
900 879 991 936 immi·

89 970 136 1039 sit,
153 973 190 1026 ut.
211 969 397 1042 obstupefacti
417 970 525 1039 hostes,
544 968 593 1041 qul
612 970 743 1036 classem,
759 968 807 1042 qui
826 985 926 1036 neves,
942 969 990 1042 qui

89 1062 199 1115 mare¹⁸
216 1058 424 1131 exspectabant,
440 1056 511 1113 nihil
532 1058 653 1113 arduum
675 1060 724 1113 aut
742 1056 879 1113 invictum
900 1057 990 1115 credi-

90 1146 184 1202 derint
196 1146 237 1203 sic
249 1146 284 1203 ed
294 1146 400 1205 bellum
411 1143 597 1201 venientibus.
609 1143 651 1200 lta
664 1144 752 1215 petita
767 1160 834 1216 pace
849 1161 881 1200 ac
895 1145 992 1202 dedita

90 1235 193 1302 insula,
207 1236 301 1292 clarus
320 1251 352 1291 ac
369 1249 491 1306 magnus
505 1232 603 1288 haberi
618 1232 757 1306 Agricola,
774 1232 879 1305 quippe
890 1233 937 1290 cui
950 1235 991 1290 in·
1008 1283 1010 1288 ,

89 1325 229 1398 gredienti
245 1324 428 1397 provinciam,
438 1323 513 1396 quod
522 1327 635 1394 tempus
646 1322 693 1378 alii
707 1338 756 1394 per
768 1323 990 1381 ostentationem

90 1416 118 1468 et
132 1411 289 1468 olllciorum
304 1410 442 1468 ambitum
463 1412 667 1484 transigunt²⁹,
691 1410 772 1467 labor
791 1411 990 1482 etpericulnm

89 1496 250 1572 placuisset.
258 1499 315 1558 Nec
324 1500 454 1572 Agricola
464 1500 650 1572 prosperitate
661 1516 757 1556 rerum
768 1499 796 1556 in
809 1500 991 1557 vanitatem³⁰

92 1696 166 1738 urgere
176 1696 233 1728 suos.
245 1699 255 1722 ι
268 1706 293 1716 -
306 1691 339 1727 ao.
355 1685 453 1726 Proui...
464 1695 510 1725 cee—
564 1694 617 1737 pour
630 1680 681 1725 taire
700 1694 728 1724 un
749 1694 798 1726 sens
813 1683 906 1738 complet
921 1697 952 1728 :s
973 1686 988 1729 ii

91 1748 199 1788 siccent...
217 1745 276 1795 sore,
299 1757 339 1798 quc
359 1743 407 1797 plus
418 1755 452 1785 ses
464 1755 511 1797 pre-
564 1742 641 1786 n'arait
656 1755 694 1797 pas
704 1748 751 1786 toul
769 1745 789 1786 le
804 1745 923 1789 nicessaire
938 1747 989 1791 :les

92 1808 154 1848 miens
166 1805 337 1847 successeraicnt
345 1805 454 1856 tolalenu,
462 1803 510 1857 plus

93 1881 121 1912 es
134 1868 230 1911 barbares
248 1865 403 1908 redouteralont
415 1865 435 1908 la
454 1865 510 1907 suite

93 1935 117 1974 de
127 1941 161 1972 ses
177 1927 301 1984 operations.
316 1925 348 1970 Cl.
361 1927 420 1970 lltst.
434 1926 459 1979 ll,
472 1934 510 1978 20,

91 1995 154 2035 Ann.
173 1990 218 2041 Xll,
231 1995 263 2033 tl.
276 2011 302 2019 -
316 1994 349 2031 21.
365 1987 512 2030 Possessione

92 2058 203 2104 (sous-ent.
221 2063 257 2092 o:
276 2049 335 2092 imitd
352 2048 377 2090 de
394 2047 477 2101 Virgile
490 2052 512 2090 ct

92 2117 117 2158 de
129 2113 255 2163 Tite-Livet,
273 2116 411 2160 reuocatum,
428 2110 511 2152 e'est-t-

93 2179 136 2220 dire
149 2174 304 2227 :impeditum
319 2173 445 2226 qnorninue
461 2184 512 2214 eom

90 2238 213 2292 potiretur.
226 2233 352 2284 Possessio,
372 2231 406 2284 ici,
419 2231 474 2287 prise
488 2232 512 2274 de

92 2296 210 2354 possession
224 2307 229 2338 :
241 2306 308 2348 comp.
322 2296 383 2337 dnn.
398 2295 443 2346 lle
456 2307 481 2337 :s
494 2294 512 2336 sl

93 2372 149 2404 mare
162 2358 260 2407 intretur,
269 2360 387 2411 promptam
400 2355 453 2411 ipsis
465 2368 512 2411 pos·

92 2420 214 2465 sessionem.
228 2433 238 2457 ι
251 2439 277 2449 -
288 2425 322 2461 22.
338 2417 418 2470 Supra
429 2431 437 2459 .·
450 2417 475 2459 de
495 2416 513 2458 la

93 2485 120 2526 srn
131 2483 159 2524 du
173 2480 206 2523 cb.
221 2482 244 2523 ll
256 2490 282 2520 au
294 2476 328 2520 eh.
340 2483 364 2521 16
376 2477 426 2520 incl.
440 2499 465 2509 -
479 2485 512 2522 23.

94 2547 226 2600 Redipere...
240 2539 348 2590 intendit,
366 2539 512 2582 c'est-l-dire:

93 2621 142 2651 eo...
154 2603 263 2655 intendit,
275 2608 300 2644 ut
320 2602 439 2656 redigeret.
459 2602 513 2655 ch.

95 2670 112 2710 le
129 2669 195 2710 meme
204 2664 323 2720 expression
337 2674 387 2705 avec
398 2662 472 2715 ellipse
490 2664 515 2705 de

94 2731 179 2782 ultimo,
192 2728 254 2770 Ann.
277 2727 313 2779 xl,
327 2731 359 2770 32.
370 2747 396 2757 -
405 2729 437 2768 at.
452 2725 516 2768 Utin

94 2791 177 2834 subitis
199 2789 307 2831 consitiis
322 2787 428 2842 (suppltez
444 2799 449 2828 :
464 2787 516 2838 {leri

94 2853 165 2901 soleti,
176 2861 255 2892 comme
266 2848 281 2891 il
296 2849 364 2891 scrire
376 2860 401 2891 en
415 2848 516 2890 l’absence

97 2914 144 2957 d'un
160 2912 208 2967 plan
221 2912 325 2964 concertt,
339 2911 406 2953 arrttt
419 2910 516 2953 d’arance

94 2975 214 3026 tbactenue
239 2973 384 3016 dubitaverat
406 2972 516 3028 Agricola

78 3036 168 3082 aurbus
187 3034 302 3079 conse'lc'eb
325 3047 420 3078 usurus
444 3039 519 3092 esset).

69 3109 93 3120 ·-
103 3098 138 3135 25.
157 3093 241 3138 Nares
256 3098 369 3144 denam.
391 3099 520 3152 Entendez.

564 1804 672 1847 reisseaux
687 1804 784 1848 laiseient
798 1804 901 1849 detaut.»
917 1831 943 1839 -
955 1815 988 1853 ab.

564 1867 630 1909 llatto
644 1870 665 1908 et
677 1868 817 1920 constantio,
833 1867 956 1912 l'industrle
969 1877 989 1914 et

565 1928 584 1970 la
607 1928 735 1978 resolutum
752 1929 891 1981 tronsoeaeit,
909 1942 935 1973 an
947 1931 989 1975 lieu

564 1989 589 2031 de
601 1994 789 2043 noncoeccenunt,
803 1994 836 2034 est
852 1992 959 2036 contraire
978 1994 990 2035 ‘a

565 2051 644 2105 l'usage
664 2051 778 2106 classique,
799 2052 856 2095 aussi
876 2052 925 2096 bien
949 2067 990 2110 que

565 2112 681 2155 l’cmlssion
695 2114 723 2156 du
739 2113 887 2170 compltmsnt,
899 2116 993 2169 copies

565 2174 598 2218 Cl.
610 2173 643 2218 cb.
658 2183 678 2229 a,
693 2179 742 2218 note
757 2183 789 2220 lo.
804 2198 831 2208 -
847 2181 882 2220 tt.
906 2177 990 2220 Lecti&

566 2236 639 2275 cinnes
647 2232 816 2281 auxitiante,
824 2242 875 2273 sans
882 2231 948 2276 doute
957 2233 993 2274 dre

566 2296 657 2342 [inlares
668 2307 673 2336 :
684 2294 711 2336 ct.
722 2293 756 2335 clr.
765 2297 797 2335 lt.
806 2290 912 2334 C’ttuient
923 2293 949 2334 de
959 2304 990 2334 ro·

564 2357 637 2399 bustes
644 2361 665 2398 et
675 2354 755 2397 admits
764 2364 858 2406 nageurs
867 2364 872 2394 :
882 2364 931 2408 roy.
945 2364 990 2394 sur·

564 2417 677 2460 toutlliet.
689 2416 727 2467 tv,
741 2421 773 2458 ¹2.
783 2436 809 2446 -
819 2419 852 2456 28.
861 2413 928 2456 lllnre
939 2413 992 2468 :qui

563 2477 692 2534 comptaient
708 2489 745 2520 sur
755 2477 775 2519 la
793 2487 844 2519 mer.
856 2477 921 2518 Mure
941 2476 993 2518 s'er·

564 2541 636 2597 piique
646 2552 685 2595 par
694 2539 725 2583 los
735 2543 790 2582 mols
799 2537 837 2594 qui
849 2537 868 2579 le
879 2538 991 2591 prtctdent

564 2614 712 2657 quaecumque
735 2603 767 2644 od
785 2612 851 2643 mure
872 2599 993 2652 trajicien-

564 2668 620 2708 dum
632 2665 720 2719 porort'
736 2663 815 2706 solent.
831 2684 856 2692 -
872 2668 905 2704 tt.
927 2662 993 2712 (lund

564 2735 679 2782 tempus...
689 2727 832 2780 trortsipunt,
841 2723 974 2766 c'sst-a-‹tire
986 2735 991 2767 :

564 2802 607 2842 quo
632 2794 733 2842 tempore
760 2787 805 2829 olii
826 2785 875 2827 dies
905 2789 991 2827 urunt.

564 2853 703 2904 Officiornm
735 2850 865 2899 ambitum,
898 2848 918 2889 la
953 2859 993 2889 cc-

570 2912 657 2956 cnercbe
667 2912 703 2954 des
715 2912 844 2964 hommages,
858 2909 898 2952 lcls
910 2921 952 2964 qus
965 2911 996 2954 lec

571 2973 639 3029 prisce
667 2973 772 3024 d'armce,
798 2971 933 3026 dtputations
959 2972 997 3016 des

575 3037 649 3086 uilloc,
667 3039 709 3076 etc.
722 3033 758 3076 ur.
772 3035 835 3074 Ann.
847 3033 873 3081 l,
881 3038 920 3073 nti.
930 3055 957 3063 -
965 3041 1003 3075 su,

584 3101 613 3143 ln
623 3096 762 3139 ucnitctesn.
771 3091 832 3143 tes.
842 3089 881 3130 cb.
889 3093 974 3136 tmmm
983 3095 1019 3128 tx.
