2160 3442
390 159 477 205 suun
499 153 691 206 scnrcotsrs
937 148 973 204 65

112 273 241 333 XXXVL
253 278 291 331 Ac
310 289 403 347 prrmo
423 289 579 347 congressu
600 272 919 329 eminuscertabstur:
939 273 977 329 si·

78 367 195 440 mulque
219 363 390 433 constantia,
403 364 489 419 simul
506 367 568 419 arte
592 362 720 418 Britanni
736 361 898 434 ingentibus
918 363 977 434 gla-

75 456 132 513 diis
156 457 186 511 et
206 452 343 511 brevibus
364 452 473 509 caetris¹
496 449 616 508 missilia
637 455 800 507 nostrorum
823 451 913 507 vitare
933 443 977 508 vel

74 539 234 609 excutere¹‚
250 544 335 611 atque
346 538 399 606 ipsi
411 555 546 611 magnam
558 539 616 595 vim
626 539 749 595 telorum
762 538 975 609 superfundere,

75 631 168 685 donec
181 626 314 700 Agricola
326 625 498 683 Batavorum
513 626 645 682 cohortes
655 631 716 681 trcs
731 641 763 681 ac
777 626 974 697 Tungrorum³

75 719 149 773 duas
171 716 337 772 cohortatus
358 718 412 783 est,
434 718 467 769 ut
490 730 551 771 rem
573 714 609 769 ad
633 729 783 769 mucrones
803 729 836 769 ac
855 717 975 768 mauus⁴

74 805 266 870 adducereut3
282 803 358 874 quod
374 805 403 859 et
422 801 491 874 ipsis
505 804 645 858 vetustate
664 801 771 857 militia
792 802 975 859 exercitatum

31 907 34 914 ·
75 898 106 950 et
120 892 252 948 hostibus
262 890 401 947 inhabilei
412 890 508 963 [parra
521 894 602 946 scuta
618 892 647 947 et
660 905 792 946 enormes
803 890 914 962 gladios
928 907 975 962 ge·

77 981 208 1039 rentibus
215 981 235 1052 ⁶]
247 999 253 1034 :
264 996 331 1036 nam
344 979 546 1036 Britannorum
559 980 645 1052 gladii
666 979 727 1036 siue
748 994 883 1035 mucrone
902 995 976 1035 com·

78 1072 193 1142 plexum
212 1072 377 1124 armorum²
396 1073 425 1124 et
446 1068 475 1124 in
497 1071 559 1124 arto
580 1084 706 1140 pugnam
727 1082 784 1122 nou
805 1068 975 1124 tolerabant.

74 1156 183 1231 igitur,
201 1159 234 1212 ut
250 1155 349 1211 ¹Batavi
369 1154 487 1212 miscere
507 1155 591 1223 ictus,
607 1154 691 1210 scrire
704 1154 904 1223 umbonibus⁸‚
926 1171 975 1211 ora

79 1244 186 1313 iodere,
209 1247 252 1311 et,
271 1243 370 1299 stratis
391 1243 440 1315 qui
470 1243 499 1298 in
524 1258 605 1315 aequo
628 1241 787 1308 astiterant,
813 1243 924 1314 erigere
947 1241 975 1296 iu

75 1333 165 1390 colles
178 1332 267 1388 aciem
287 1347 404 1403 coepere,
424 1334 523 1388 cetere
537 1331 668 1387 cobortes
683 1329 863 1387 emulatione
878 1334 906 1386 et
923 1330 977 1385 im·

77 1422 144 1492 pelu
169 1419 292 1475 connisa
315 1418 458 1490 proximos
482 1434 611 1491 quosque
629 1418 737 1474 cedere
758 1435 766 1472 r
794 1435 826 1474 ac
848 1417 977 1490 plerique

76 1506 234 1564 semineces
250 1508 300 1561 aut
318 1505 422 1578 integri
444 1505 623 1562 testinatione
639 1505 763 1562 victoriae
779 1506 976 1578 relinqueban-

102 1687 205 1731 xxxvl.
232 1694 250 1731 l.
267 1686 385 1730 Glodis'e...
415 1687 498 1731 ostris.

77 1749 162 1794 Ablatil
169 1749 196 1794 de
208 1748 352 1793 l’instrumsnt
362 1760 368 1791 :
378 1760 404 1791 eu
418 1761 441 1792 se
454 1760 500 1792 ser·

77 1809 137 1852 rent
149 1808 200 1852 de...
222 1808 255 1851 0u
276 1804 369 1864 appelait
386 1816 455 1852 curro
471 1821 499 1851 un

76 1870 131 1926 petit
150 1869 244 1914 bouclier
265 1870 291 1912 de
314 1869 368 1921 cuir,
387 1870 413 1912 dc
434 1870 500 1913 iorme

77 1932 193 1986 oblongus,
202 1931 253 1974 dont
260 1943 283 1974 se
291 1930 433 1974 seri-uientles
443 1931 500 1975 niri-

76 1996 137 2039 caius
146 2000 168 2038 et
179 1994 212 2037 les
224 1994 352 2049 Espsgnols.
360 2001 411 2037 -2.
423 1995 500 2038 Vitare

76 2059 225 2101 oetccrcutere
234 2067 243 2099 r
252 2054 279 2098 ils
291 2054 392 2098 evitaieut
401 2054 433 2097 les
443 2055 500 2110 jare-

78 2120 122 2162 lots
131 2116 225 2161 rumeins
231 2129 256 2160 en
267 2129 290 2160 ss
299 2119 401 2160 oourreut
411 2116 436 2158 de
443 2117 500 2160 leurs

78 2179 184 2224 boucliers
195 2191 223 2222 ou
235 2179 267 2221 les
279 2178 378 2222 iaisaient
397 2178 500 2221 lomberd

77 2249 134 2286 terre
141 2254 167 2284 en
175 2241 207 2284 les
218 2245 293 2297 parant
303 2252 354 2284 erec
362 2241 419 2286 leurs
430 2241 498 2296 tpdes.

77 2304 112 2349 Ci.
131 2303 222 2356 vigere,
245 2303 261 2354 l,
291 2307 326 2346 l:
348 2317 362 2342 α
380 2304 423 2346 tiro
444 2303 501 2345 norit

77 2363 172 2418 obliquis
190 2363 268 2406 ictibus
284 2363 390 2408 venientis
405 2364 447 2407 tels
466 2362 501 2405 de-

77 2425 169 2468 lectere.
181 2441 193 2464 s
200 2446 227 2455 -
234 2431 253 2468 3.
261 2423 430 2467 Batavorum...
441 2423 502 2465 Tun·

76 2496 184 2542 prorum.
199 2486 241 2529 Les
258 2482 361 2539 premiere
376 2483 500 2536 habitsient,

78 2549 133 2591 deus
150 2546 171 2590 le
193 2546 261 2602 partie
278 2545 408 2589 occidentale
432 2545 459 2589 de
481 2545 501 2588 ls

77 2608 190 2660 liollande‚
203 2619 243 2651 uus
253 2607 281 2650 ile
289 2606 433 2650 considerable
441 2610 501 2649 entre

77 2671 170 2722 recen,
193 2670 213 2712 le
237 2668 302 2721 libio,
321 2674 344 2711 et
373 2669 393 2713 le
421 2669 500 2712 Wshal

77 2733 169 2784 (locuto
184 2732 344 2786 Batavorum),
357 2732 423 2775 Ano.
434 2731 461 2783 11,
473 2736 500 2782 ⁶3

77 2796 110 2838 les
122 2794 212 2837 seconde
225 2791 305 2836 etaient
322 2793 398 2837 eteblis
417 2793 470 2836 deus
482 2793 501 2834 le

76 2856 145 2901 Gaule
172 2853 284 2911 Belgique.
308 2859 368 2900 entre
391 2855 457 2908 megs
481 2859 502 2897 et

77 2917 502 2963 Aurem-addenseronesacmc

77 2992 134 3024 oss.
144 2980 227 3022 Macro
240 2984 274 3022 est
286 2990 328 3022 une
339 2980 469 3034 tptecourts
480 2987 502 3022 et

75 3041 165 3094 peintus
175 3043 300 3096 ernprnntde
310 3053 350 3097 per
357 3041 389 3087 les
399 3042 504 3088 Romsins

67 3111 110 3141 rur
123 3101 253 3154 Espegncls.
265 3105 371 3158 Agricola
385 3106 505 3152 ordonnei

115 3205 158 3243 m
174 3197 328 3254 o'scsrcous

554 1698 589 1730 ses
602 1686 684 1731 soldets
697 1687 759 1732 dese
770 1688 825 1744 ieter
842 1700 880 1732 sur
890 1692 923 1732 les
939 1703 977 1732 en·

555 1748 623 1792 nemis
642 1749 733 1804 l'tptob
752 1749 772 1792 le
790 1749 847 1793 main
866 1752 929 1805 (nous
946 1752 976 1794 di·

554 1809 620 1862 rions‚
628 1811 690 1853 deles
698 1813 838 1866 altoquerila
846 1813 975 1863 brionnette)

554 1871 608 1914 etde
616 1870 648 1914 les
658 1873 748 1927 prendre
759 1875 839 1927 corpsi
851 1875 976 1929 corpslmo·

553 1934 616 1987 nus).
634 1932 659 1975 de
671 1932 763 1976 muniere
780 1934 880 1977 erendre
900 1934 976 1978 inutile

554 1994 653 2038 l'udresse
679 2002 700 2037 et
723 1995 742 2038 ls
765 1997 850 2040 solidite
873 2001 931 2051 (arte
956 2007 976 2043 et

553 2057 976 2116 constantio}dontilsisrsaiontpreure

554 2118 608 2161 dens
626 2130 653 2161 un
666 2118 749 2162 cumbet
768 2121 780 2162 l
797 2119 899 2166 distance.
915 2145 941 2153 -
956 2129 975 2166 5.

553 2179 818 2226 llosttcuetnnacttett
826 2184 890 2226 Anu.
902 2185 927 2236 ΙΙ,
938 2189 975 2228 ti:

554 2255 567 2280 a
579 2252 617 2284 nec
636 2239 693 2284 eninr
715 2241 817 2286 immense
841 2244 975 2290 barbarorum

554 2308 621 2355 scuta,
629 2315 726 2346 enormes
737 2303 816 2357 bestss,
826 2305 881 2349 inter
891 2312 976 2352 truncos

554 2365 678 2409 arborum...
687 2364 774 2420 perinde
783 2366 854 2410 baberi
862 2380 925 2422 quam
934 2369 975 2424 pila

555 2429 577 2468 et
592 2425 675 2478 gladios
686 2432 708 2469 et
720 2426 820 2470 nerontis
831 2429 914 2483 corpori
931 2436 976 2483 teg-

555 2484 620 2529 mine.
639 2487 756 2530 Denserent
767 2486 828 2540 ictus.
845 2501 881 2532 ors
893 2502 976 2534 mucro·

555 2548 620 2591 nibus
631 2554 756 2602 quererent.
769 2565 782 2588 s
797 2573 823 2582 -
835 2557 854 2595 c.
874 2553 976 2594 Gerend-

555 2609 605 2652 bus.
619 2610 661 2653 Les
679 2615 735 2652 mols
748 2610 789 2653 mis
807 2616 866 2656 entre
880 2614 976 2656 crochels

555 2674 604 2712 sont
623 2682 663 2713 une
686 2671 746 2724 gloss
767 2670 887 2715 manifeste.
904 2695 930 2706 -
948 2681 974 2719 ’7.
1005 2720 1006 2723 ,

555 2732 707 2784 compresum
716 2744 846 2784 annorum.
854 2735 975 2788 expression

556 2792 652 2834 nouvelle
665 2793 700 2834 :le
717 2791 844 2837 eroieenrent
855 2795 883 2838 du
897 2796 935 2848 ier,
947 2810 976 2840 un

555 2853 603 2897 duel
615 2855 627 2896 l
638 2854 711 2908 l'dpte.
721 2876 747 2886 -
757 2863 777 2899 e.
796 2856 944 2910 vasconibus,
956 2859 975 2900 le

554 2919 626 2958 centro
642 2915 670 2958 du
688 2915 788 2970 bouclier‚
801 2917 838 2971 qui
855 2919 919 2961 iorrne
935 2932 975 2963 une

555 2979 625 3021 boses.
636 2977 714 3032 Gomp.
729 2979 993 3028 liudmilae-sn&-

559 3040 590 3087 lie
598 3040 701 3093 exuisses,
708 3044 763 3095 pest
776 3036 918 3081 umbonum
928 3039 954 3072 ex
960 3033 1014 3097 33¹-

566 3105 612 3152 diis
631 3111 737 3158 stragem
755 3099 892 3147 eudemum
910 3092 1042 3131 mm*

894 3173 915 3216 io
