2160 3442
119 135 156 186 5²}
393 144 433 190 ul:
456 145 527 192 VITA
548 146 586 190 ET
606 145 745 192 Mutunus

117 260 240 316 lamenta
262 273 364 314 rursus
385 274 417 314 ac
437 263 605 315 maererem⁶
626 258 803 317 muliebriter
825 261 920 319 tulit:
941 267 972 320 et
996 263 1022 318 in

117 349 195 404 luctu
207 347 315 405 bellum
324 347 399 404 inter
411 348 553 404 remediat
569 352 639 404 erat.
653 348 745 422 Igitur
757 349 907 423 praemissa
919 352 1020 418 classe,

116 454 179 510 qum
194 436 322 510 pluribus
336 436 407 493 loeis
424 438 548 508 predata
569 453 707 510 magnum
726 442 754 494 et
767 439 910 496 incertum
928 445 1020 499 terre-

116 542 177 582 rem
190 526 304 596 laceret,
320 525 466 596 expedit0⁸
481 526 615 596 exercitu,
628 527 673 582 cui
688 543 720 582 ex
736 525 883 584 Britannis
898 530 1018 586 fertissi-

117 631 178 671 mes
196 618 224 671 et
245 616 332 687 longa
359 631 425 686 pace
454 615 614 686 exploratos
642 615 805 686 addiderat,
827 619 863 673 ad
891 623 1017 676 montem

39 758 42 764 ,
118 705 288 776 Graupium⁰
309 703 445 774 pervenit,
466 719 552 776 quem
569 703 629 776 jam
654 703 745 761 hostis
769 705 925 764 insederat.
946 708 1017 764 Nam

118 793 256 862 Britanni,
269 792 339 848 nihil
354 791 435 848 tracti
442 796 465 830 ¹⁰
480 809 582 866 pugne
598 791 704 864 prioris
718 798 821 850 eventu
837 799 866 851 et
880 796 1018 854 ultionem

115 885 165 939 aut
183 881 331 937 servitium
350 885 557 952 exspectantes,
576 883 747 956 tandemque
768 883 844 940 docti
867 901 1019 943 commune

118 970 274 1042 periculum
300 970 449 1025 concordia
477 971 744 1043 propulsandum¹¹,
773 971 968 1044 legationibus
994 979 1019 1032 el

117 1058 269 1116 loederibus
289 1056 417 1113 omnium
439 1057 586 1114 civitatum
606 1058 683 1115 vires
705 1059 876 1118 exciverunt.
896 1062 1019 1136 Jamque

115 1164 202 1220 super
213 1146 332 1220 triginta
347 1146 436 1203 millia
450 1153 626 1204 armatorum
645 1149 866 1219 aspiciebantur,
883 1155 914 1207 et
928 1153 1018 1211 adhuc

116 1235 248 1292 altluebet
260 1234 353 1291 omnis
365 1235 500 1307 juventus
512 1241 540 1292 et
552 1237 654 1308 quibus
665 1239 753 1294 cruda
765 1255 797 1295 ac
808 1239 909 1296 viridis
923 1258 1017 1299 senec-

118 1329 203 1391 tus¹¹,
220 1322 288 1378 clari
303 1323 377 1378 belle
393 1326 421 1378 et
435 1340 487 1380 sue
501 1325 622 1397 quisque
636 1324 765 1381 decora¹⁵
784 1330 942 1398 gestantes,
954 1347 1017 1386 eum

117 1412 191 1468 inter
206 1410 302 1482 plures
317 1409 402 1465 duces
422 1409 525 1467 virtute
545 1414 573 1466 et
594 1427 699 1483 genere
713 1415 884 1484 praestans¹⁴
903 1415 1018 1480 nemine

119 1499 283 1572 Calgacus¹³
299 1498 374 1570 apud
386 1501 561 1555 contractem
579 1500 791 1556 multitudinem
803 1502 936 1573 praelium
951 1521 1019 1577 pos-

116 1593 225 1645 centem
242 1586 271 1642 in
286 1587 360 1643 hunc
374 1588 521 1643 medum¹⁸
532 1588 645 1643 locutus
659 1587 765 1643 lentur:

589 1750 674 1803 tanus).
691 1748 720 1792 Le
739 1754 804 1793 mont
820 1750 943 1804 mospius
963 1750 1018 1799 u'est

116 1760 168 1802 tnit.
181 1759 257 1815 Comp.
284 1762 317 1804 eh.
340 1766 373 1810 tt.
394 1756 422 1797 fin
434 1767 440 1797 ἱ
451 1769 463 1794 c
473 1753 540 1797 ambt-

590 1813 671 1854 nomme
680 1811 730 1854 cher
745 1824 813 1855 aucun
824 1812 920 1856 derisniu
934 1813 1008 1858 ancien

117 1821 169 1864 tlosa
182 1826 256 1865 morte.
269 1837 282 1862 ν
295 1846 322 1854 -
334 1828 353 1866 e.
366 1820 469 1870 Neque..
485 1827 540 1857 rur-

116 1895 164 1937 sus,
175 1883 197 1926 ni
207 1883 331 1938 darantage.
345 1884 390 1925 Per
400 1879 502 1921 tamenta
512 1889 540 1920 uc

116 1958 244 2001 merorem,
257 1947 337 1991 c.-t·d.
353 1941 502 1988 lamentando
513 1952 540 1983 ac

117 2011 238 2052 merendo.
255 2007 383 2054 L'accusatit
395 2017 444 2047 arec
451 2016 495 2057 per
507 2007 540 2046 est

116 2076 212 2123 sentent,
230 2071 280 2114 cher
301 2070 380 2119 Tacite,
403 2063 540 2121 l’equivalent

116 2134 164 2175 d’un
173 2132 278 2175 ablatiide
286 2130 386 2173 manibre.
393 2126 466 2180 Cump.
475 2128 538 2168 Aren.

117 2195 144 2241 V.
156 2199 184 2236 σι
201 2209 213 2231 ιι
231 2205 256 2234 ne
272 2201 393 2235 memcrram
414 2187 481 2230 nostri
502 2199 540 2242 per

118 2266 224 2297 merorem
248 2252 368 2301 retineatis;
391 2266 401 2290 ι
426 2250 462 2302 Xl,
485 2255 508 2293 37
533 2261 538 2292 ;

117 2334 129 2356 ι
154 2316 263 2371 restititque
289 2315 386 2358 tribunus
416 2324 452 2367 per
475 2311 539 2353 silen-

117 2382 177 2424 tium.
195 2396 203 2417 ι
221 2402 247 2409 -
262 2385 281 2421 7.
296 2378 359 2421 lnter
376 2375 488 2418 remedie.
502 2373 539 2416 Ti·

117 2445 164 2486 bere
181 2454 220 2486 aux
233 2442 349 2490 senateurs,
368 2439 429 2492 sprts
446 2437 465 2479 la
484 2441 540 2479 mort

117 2501 411 2555 desendls,Ann.lV,8:
426 2499 480 2540 «vir
494 2512 538 2553 pre

118 2567 245 2621 pinquorum
272 2563 365 2618 alloquia
389 2562 481 2613 tolerari,
505 2561 538 2604 rix

118 2630 171 2672 diem
182 2627 248 2683 aspici
261 2640 272 2670 a
289 2625 395 2682 plerisque
406 2623 538 2678 lugentium3

118 2705 184 2748 neque
202 2692 251 2734 illos
270 2686 424 2733 imbecillitatis
440 2686 538 2728 damnen-

117 2755 169 2807 d0s;
191 2766 213 2797 sa
231 2759 299 2796 tamen
322 2751 409 2794 tertiora
432 2748 507 2791 solatia
527 2761 538 2791 e

117 2816 224 2871 complexu
237 2813 357 2870 reipublice
369 2811 476 2868 petivisse.
489 2829 499 2850 ι
513 2834 538 2841 -

118 2888 136 2924 t.
155 2880 279 2932 Eoepeuuo,
295 2888 346 2920 sans
360 2875 459 2927 baguges.
479 2897 504 2904 —
517 2879 536 2917 t.

115 2938 218 2978 Mentem
225 2937 359 2990 Graupium
368 2935 424 2989 (sic).
430 2935 462 2978 On
469 2949 494 2978 ue
500 2936 541 2978 salt

101 2995 140 3035 s'il
149 2997 217 3049 sagit
229 2997 260 3039 ici
269 2998 308 3040 des
317 3006 392 3041 ments
404 2997 541 3053 Grumpiuns,

589 1878 648 1915 autre
655 1884 697 1926 que
706 1873 814 1917 Tacite·
821 1882 852 1918 to.
858 1875 927 1918 Nihil
934 1876 1014 1926 fructi.

591 1933 625 1978 (ΙΙ.
633 1935 696 1989 chap.
702 1941 763 1980 tt-
772 1943 803 1980 tl.
812 1937 1017 1991 Tundmnqucdco-

591 2000 634 2041 ti..
651 1999 851 2053 propulsandum.
863 1998 896 2042 Cl.
907 2001 971 2056 cliup.
988 2009 1016 2045 12.

591 2061 618 2104 Se
647 2062 742 2116 reppcter
763 2061 867 2113 Selluste,
889 2063 945 2118 Jup.
970 2072 1016 2109 lu:

593 2123 724 2166 «concordia
735 2136 803 2178 parre
813 2135 846 2166 res
857 2131 966 2180 crescunt,
974 2126 1017 2169 dis-

592 2184 661 2227 cordie
676 2185 771 2227 maxims
781 2184 914 2228 dilabuntur.
922 2201 935 2226 ν
949 2210 974 2219 -
985 2195 1016 2232 ta.

592 2246 696 2288 Cruda...
705 2251 817 2289 cenamus.
823 2244 961 2290 Seurenirde
970 2248 1017 2291 Vir-

591 2308 640 2362 gile,
648 2309 684 2363 qui
695 2308 754 2363 pcInt
761 2320 810 2351 aree
816 2307 847 2351 les
855 2308 935 2353 memes
940 2315 1017 2354 termes

592 2371 611 2412 la
620 2370 725 2414 vieillesse
734 2371 759 2414 de
767 2371 859 2424 Charon,
868 2360 913 2414 En.
923 2373 960 2426 t'1,
971 2379 1016 2419 set.

591 2439 659 2478 -13,
673 2435 770 2488 Decoru,
781 2432 854 2477 eald.
868 2434 955 2478 bellica·
971 2438 1016 2479 cir·

590 2496 647 2537 tutie
655 2496 771 2552 inslqniu,
783 2496 815 2538 les
824 2507 925 2551 marques
934 2498 961 2541 de
972 2498 1017 2542 leur

592 2559 669 2602 raleur.
680 2583 706 2591 -
719 2566 751 2604 tt.
761 2560 879 2602 Proestmu
895 2573 903 2601 .·
916 2562 1016 2617 supplem

591 2623 647 2666 dccc.
668 2623 741 2679 Cemp.
763 2624 823 2666 litet.
836 2621 873 2674 lV,
885 2629 933 2667 sa:
955 2639 966 2662 ι
984 2637 1015 2669 re-

590 2685 658 2740 spexit
677 2698 689 2729 e
712 2684 840 2740 primoribus
861 2683 1012 2740 AEgyptierum

592 2748 675 2792 nemine
696 2748 819 2800 Basiliden;
838 2764 848 2786 ι
871 2749 937 2790 Ann.
958 2749 1013 2800 Xlll,

594 2816 615 2853 15
626 2822 652 2852 τι
667 2810 796 2853 attinebatur
804 2809 903 2853 damnata
918 2810 1013 2854 rerresscii

591 2870 676 2914 nomine
692 2872 817 2915 Locusta.»
836 2891 862 2900 —
883 2876 916 2914 tt.
934 2871 1012 2927 Culpa·

591 2946 640 2976 eur.
652 2935 710 2986 Aug.
729 2931 831 2985 Thierry,
849 2931 966 2985 Conquete
986 2933 1013 2974 dc

593 2994 751 3051 t'Anpteterre,
766 2996 786 3034 t.
798 2993 818 3042 l,
830 2991 913 3045 appelle
927 3004 952 3035 ee
966 2991 1013 3035 eliel

90 3054 133 3105 ‘1¹¹1'
136 3063 261 3110 pertegant
271 3048 374 3105 l'licosse
387 3074 416 3106 cn
432 3063 513 3107 liautes
523 3069 544 3107 et
598 3060 704 3113 Gallsuss.
716 3079 743 3088 -
758 3059 791 3099 tt.
802 3054 831 3093 lu
837 3053 902 3117 bunc
911 3054 1021 3094 necdum

75 3121 159 3161 mser
176 3122 251 3165 terrea
268 3121 423 3180 (leiwand,
439 3134 461 3171 01
484 3128 546 3172 ιοω.
604 3138 631 3167 cn
650 3112 1038 3169 cemus,cui·,meimeesutus
