2160 3442
949 157 987 212 37

83 289 147 331 rum
159 288 280 333 suorum
291 276 504 334 emularentur.
511 276 588 334 Neve
601 276 693 350 prelii
699 279 786 336 ,unius
800 283 850 337 eut
869 280 987 337 alterius

80 366 186 421 eventu
201 369 385 437 pavescerent
399 383 407 420 τ
423 366 487 438 plus
498 365 693 440 enierentibus
704 367 765 426 uim
778 369 913 443 impetus,
926 386 986 426 ma·

401 161 481 210 JULll
502 161 678 211 tementes.

76 451 172 527 jorem
179 450 370 510 constentiam
384 469 472 527 penes
485 453 606 512 miseros
617 471 690 513 esse.
701 456 766 513 lam
781 457 997 540 Britannorum·

79 538 251 611 etiamdeos
268 539 439 614 misereriss,
454 541 504 616 qui
524 542 684 602 Romanum
703 545 804 602 ducem
825 547 984 616 absentem,

79 629 129 703 qui
139 630 300 704 relegatum
309 632 333 665 ¹¹
346 630 375 687 iu
390 632 446 689 alia
459 631 554 691 insule
567 634 722 691 exercitum
737 635 910 704 detinerent3
923 637 985 710 jam

77 721 168 794 ipsos,
184 720 261 794 quod
273 720 761 791 difficillimumiuerit³³,delibererc
772 722 803 778 ⁹⁴!
822 726 941 786 Porro⁸³
955 725 984 783 in

79 809 220 884 ejusmodi
234 808 362 867 consiliis
375 810 563 883 periculosius
574 827 638 870 esse
650 813 822 885 deprehendi
838 830 924 888 quem
939 831 986 871 uu·

79 900 187 958 deren.

113 987 187 1046 XVI.
203 988 256 1047 llis
272 992 358 1064 utque
373 989 477 1049 talibus
495 988 617 1048 invicem
638 989 765 1050 instincti
777 996 796 1061 ¹,
812 991 953 1051 Boudicca
963 998 984 1063 ⁸,

79 1077 196 1151 generis
210 1076 283 1152 regii
297 1077 413 1148 lemine,
426 1079 497 1136 duce
512 1081 615 1153 (neque
635 1079 711 1137 enim
732 1097 831 1138 serum
851 1081 880 1138 iu
895 1082 984 1154 impe-

22 1184 28 1195 *
77 1164 130 1224 riis
143 1166 349 1240 discernunt⁸)‚
359 1181 508 1240 sumpsere
519 1167 644 1225 universi
658 1168 765 1225 bellum
777 1174 803 1240 *ς
820 1186 852 1226 ac
867 1186 984 1242 sparsos

77 1272 130 1330 per
151 1256 269 1314 castella
287 1255 394 1313 milites
417 1256 571 1314 consectati
579 1260 601 1328 ⁸,
624 1257 793 1330 expugnatis
812 1258 983 1331 praesidiisi,

77 1344 168 1420 ipsam
184 1344 324 1403 coloniam
338 1343 466 1402 invasere
479 1347 513 1401 ut
526 1345 622 1403 sedem
634 1347 813 1417 servitutis⁷3
827 1364 878 1404 neo
894 1348 983 1404 ullum
1012 1358 1015 1364 ’

77 1523 103 1568 ds
121 1521 191 1565 mtme
203 1532 244 1564 eux
265 1520 502 1574 communioni,

76 1592 102 1632 ss
115 1596 121 1628 ε
135 1599 146 1625 ι
159 1594 208 1638 que
221 1583 323 1636 (tribute
335 1587 356 1627 et
373 1584 502 1638 supplicio)

75 1645 162 1701 queudo
179 1642 276 1688 exuerint
293 1642 410 1700 irritusque
424 1643 503 1687 disces·

75 1707 130 1752 serit
143 1706 180 1751 ille
190 1705 248 1750 iuter
260 1704 348 1749 numine
361 1706 445 1749 dinetus
455 1708 503 1749 nu·

76 1773 163 1824 mus.
181 1783 194 1810 s
209 1789 236 1802 -·
252 1776 286 1814 tl.
307 1769 365 1812 Deos
385 1769 501 1812 misereri.

75 1831 110 1876 Gi.
122 1831 187 1875 ΑΜ.
198 1829 258 1882 xw,
271 1837 295 1876 st
308 1843 314 1875 :
326 1830 420 1873 «edesse
432 1835 502 1873 tumen

75 1893 200 1948 densiuste
218 1891 351 1937 vindicte.»
369 1914 398 1926 -
412 1897 447 1936 22.
461 1892 503 1934 lle·

75 1957 183 2011 mom.
198 1953 326 2009 Expressios
348 1955 391 1997 tres
404 1953 464 2006 forte,
482 1954 502 1997 la

75 2016 192 2072 consuto,
209 2026 240 2058 eu
260 2026 310 2058 sens
334 2025 418 2069 propre
444 2015 502 2058 etam

75 2078 125 2121 cher
144 2078 176 2121 les
196 2075 298 2120 Romeins
319 2077 407 2128 (comme
428 2076 448 2119 le
465 2076 502 2119 dt-

74 2140 182 2197 portetion
192 2140 243 2184 eires
255 2142 317 2193 nous)
332 2151 373 2182 une
387 2138 449 2194 peiue
464 2138 501 2193 qui

75 2217 101 2248 ue
114 2205 197 2249 luisseit
212 2217 251 2261 pas
266 2217 293 2248 eu
308 2206 426 2250 eosdemne
439 2207 460 2250 la
472 2206 499 2250 li·

74 2268 133 2310 berti
147 2267 172 2309 de
183 2267 307 2320 changersu
316 2268 498 2313 residente-2³.

74 2329 165 2378 Fuerit,
175 2340 202 2371 su
211 2327 290 2382 periali
298 2341 303 2371 :
312 2331 334 2370 et
340 2329 422 2372 c'e'toit.
431 2352 457 2362 —
464 2334 497 2374 tt.

74 2389 215 2441 veliternus,
227 2389 255 2432 ils
264 2390 358 2432 teusient
372 2390 460 2433 eouseil.
472 2412 499 2424 -

69 2453 108 2492 ¹25.
115 2449 192 2492 Porro
202 2447 307 2492 introduit
317 2448 396 2491 dsusle
404 2449 501 2491 discours

74 2523 116 2555 une
134 2509 230 2555 deruitrs
254 2511 330 2564 pouse'e
350 2508 387 2564 qui
410 2515 454 2552 sert
475 2509 500 2552 dc

72 2571 206 2617 conclusion.
222 2570 350 2616 Treduisez:
360 2586 370 2612 ι
382 2572 471 2615 Euiic...
488 2586 498 2612 ι

72 2657 99 2668 ·-
108 2633 354 2680 inferioritatem...
364 2645 437 2688 quum
455 2644 499 2677 ou·

72 2698 135 2743 dere.
147 2697 286 2752 lispproctes
302 2708 344 2740 uus
357 2698 434 2752 peusis
448 2709 499 2739 unu·

72 2759 144 2813 logne,
157 2757 222 2802 Aen.
235 2759 283 2812 ΧΗ,
294 2764 319 2803 ol
332 2770 339 2802 s
352 2772 363 2798 e
375 2758 431 2801 haud
441 2758 499 2812 igne·

72 2831 109 2863 rus
139 2831 223 2864 summe
256 2819 335 2863 scelere
359 2818 425 2874 incipi
450 2831 498 2863 cum

71 2879 174 2937 periculo,
189 2879 262 2937 peregi
273 2892 321 2924 cum
338 2881 461 2936 prumio;»
477 2887 499 2924 et

71 2953 195 2998 nutuque:
205 2943 259 2986 dans
272 2947 320 2986 tout
333 2955 357 2987 cs
369 2942 465 2986 discours
479 2942 498 2986 le

71 3003 135 3058 genis
145 3003 237 3048 orstoire
248 3004 274 3049 de
281 3004 361 3049 Tecits.
368 3003 497 3049 L'historien

70 3066 124 3110 oiire
134 3064 163 3110 ici
173 3077 202 3109 un
212 3066 264 3110 meu
274 3066 356 3110 modtle
369 3067 395 3110 de
402 3065 498 3128 discours

70 3142 96 3173 eu
110 3129 165 3185 style
185 3129 287 3184 indicem
306 3129 322 3174 il
342 3131 435 3174 docuere
449 3132 503 3194 plus

558 1522 611 1575 lein,
621 1522 656 1566 ch.
668 1529 693 1568 to
705 1528 727 1567 et
737 1523 801 1575 suiv„
815 1535 838 1566 ss
849 1538 860 1565 s
871 1524 929 1579 pisce
942 1525 986 1571 d'e

559 1585 660 1639 loquouce
674 1599 685 1625 s
697 1597 722 1626 eu
736 1584 826 1641 lengege
840 1585 913 1631 direct.

584 1645 642 1688 XVI.
661 1653 678 1690 l.
696 1647 811 1697 Instincti,
824 1647 899 1690 c.·d·d.
912 1649 982 1693 insti·

558 1707 613 1762 poti.
621 1707 696 1751 Tacite
707 1720 718 1750 s
733 1708 829 1763 employt
838 1709 858 1754 la
870 1709 938 1753 mimo
948 1723 981 1754 or-

558 1769 653 1824 pression
666 1771 715 1825 plus
733 1769 784 1822 lein.
795 1771 829 1814 oh.
843 1779 876 1825 ³5,
895 1777 918 1815 et
927 1773 981 1817 deux

558 1830 599 1874 lois
607 1830 708 1876 allieurs:
719 1833 759 1876 elle
774 1839 806 1877 est
820 1835 864 1877 tres
873 1846 919 1878 rere
930 1835 981 1879 einez

557 1897 589 1939 les
599 1896 717 1950 classiques
726 1897 838 1952 (Dreger).
849 1919 876 1930 -
888 1906 908 1941 2.
919 1899 980 1942 Bou-

557 1958 631 2002 dicca.
644 1957 691 2000 Elle
706 1957 758 2000 ituit
771 1958 846 2001 lemme
863 1959 887 2001 de
903 1960 981 2003 Presu-

557 2024 628 2074 tugus‚
645 2017 676 2060 roi
689 2018 726 2060 des
740 2018 835 2061 loeuiens
853 2020 941 2070 (comtes
956 2022 981 2064 de

555 2077 645 2131 Suilollr‚
666 2078 763 2132 Norlollr,
784 2084 805 2122 st
823 2079 978 2136 Cambridgol:

556 2152 602 2196 roy.
619 2141 682 2186 sinn.
701 2141 761 2194 XIV,
778 2148 812 2187 ti.
825 2166 851 2175 -
865 2149 885 2187 s.
903 2145 980 2196 Neque

555 2203 644 2247 enim...
659 2203 805 2246 discernunt.
825 2203 841 2246 ll
854 2215 867 2259 y
881 2204 939 2247 avait
961 2207 980 2247 li

555 2265 581 2308 de
605 2265 655 2320 quoi
675 2266 764 2309 dtouner
787 2266 925 2319 grendemeut
951 2279 980 2310 un

555 2326 651 2371 llomsiu.
669 2333 729 2371 -‘t.
748 2328 872 2382 sumpsere
886 2328 979 2374 bellum.

556 2388 682 2443 lirpressioc
705 2388 757 2432 tirts
779 2400 816 2443 psr
835 2388 934 2442 ancingis
954 2390 980 2433 de

554 2450 637 2493 celle-ci
653 2463 659 2494 z
676 2462 769 2493 sumere
787 2461 864 2494 arma.
879 2450 927 2494 Ello
946 2457 979 2494 est

555 2511 656 2555 lumiliere
666 2513 678 2555 l
689 2512 762 2556 Tacite
771 2519 793 2557 et
809 2524 832 2556 ee
845 2517 919 2556 trouve
932 2513 978 2569 dejl

553 2573 603 2615 cheu
614 2573 726 2617 .Sellusle.
745 2596 772 2606 -
790 2580 810 2618 t.
839 2573 977 2626 consectati,

553 2638 617 2688 ayant
628 2634 735 2688 elinquit
747 2635 768 2677 le
787 2633 835 2676 lois.
853 2654 881 2666 -
896 2639 916 2678 t.
930 2636 978 2678 lim-

551 2695 663 2750 popnots's
683 2695 811 2748 presidiis,
831 2693 919 2737 meltres
940 2696 978 2738 des

553 2756 657 2812 positione
666 2755 707 2807 qui
715 2755 850 2797 connectent
859 2753 879 2797 ie
886 2755 977 2802 colonie.

552 2817 649 2861 casulla
660 2821 682 2859 et
687 2817 802 2870 presidio
812 2815 926 2871 designent
935 2830 977 2863 uus

552 2880 619 2923 meme
633 2878 696 2921 chose
713 2878 788 2922 :meis
803 2878 819 2925 ii
834 2890 871 2934 ys
889 2879 976 2925 dessio

551 2941 629 2985 uooud
642 2944 708 2984 terme
721 2953 762 2986 uus
777 2940 823 2985 idts
837 2952 879 2997 que
894 2941 914 2986 le
928 2954 974 2997 pre·
1048 2976 1051 2980 ,

551 3003 603 3047 mier
611 3016 637 3046 ne
645 3004 764 3058 reprtsente
775 3016 820 3060 pus.
829 3024 856 3036 -
863 3010 883 3049 ⁷.
894 3005 977 3048 &dein

551 3065 678 3109 seruitutis.
697 3065 795 3109 Buruoui
816 3064 896 3109 ueduit
917 3064 976 3117 bien.

550 3130 608 3172 selon
619 3133 637 3171 le
647 3127 712 3181 genie
722 3138 750 3193 us
759 3139 819 3173 noue
827 3127 905 3181 langue
917 3139 923 3171 ι
936 3142 947 3167 ι
959 3130 978 3172 le
