2160 3442
386 155 467 201 tutu
490 157 694 204 uunmnm-
830 158 834 168 ·
930 154 975 208 ³75
1066 180 1071 187 ·

69 261 230 318 oooultius⁸
240 264 366 335 quietem
379 268 408 321 et
422 266 533 321 otium·
548 269 674 338 laudare,
688 286 752 327 mox
764 288 880 344 operam
892 291 974 332 suern

68 348 98 405 in
115 350 313 421 approbanda¹
333 353 513 411 excusatione
536 355 651 426 offerre,
674 363 818 428 postremo
837 377 894 418 uon
913 363 973 435 Jani

67 437 203 493 obseuri⁸
225 440 378 496 suadentes
407 441 493 497 simul
516 446 714 516 terrentesque
734 452 921 518 pertraxere·
938 452 973 507 ad

69 525 274 583 Domitianum.
299 527 354 593 Qui
379 535 497 599 paratus
507 535 531 569 ¹⁰
555 530 749 601 simulatione,
777 535 806 590 in
830 553 973 610 arrogan-

68 613 138 668 tiam
151 619 172 653 ¹¹
184 615 368 685 compositus,
389 621 417 672 et
437 617 527 672 audiit
547 634 646 691 preees
668 623 831 679 excusantis
851 628 890 691 et,
908 641 972 682 eum

65 703 224 772 annuisset,
240 703 286 775 agi
303 703 355 760 sibi
371 703 478 776 gratias
500 720 602 776 passus
619 711 673 777 est,
688 725 739 765 nee
751 711 867 767 erubuit
882 711 972 768 bene·

66 789 122 844 ficii
147 789 292 848 invidie¹¹.
318 791 601 850 Salarium¹³tamen
622 799 828 865 proconsulare
853 799 969 855 solitum

64 877 165 934 ollerri
180 883 209 935 et
230 879 401 952 quibusdam
416 897 433 935 a
446 896 477 935 se
495 880 557 951 ipso
574 897 743 939 eoncessum
759 885 898 957 Agricolae
913 903 968 943 non

63 966 154 1034 dedit,
169 966 229 1023 sive
248 967 375 1023 onensus
390 984 447 1023 non
462 968 583 1039 petitum
598 973 628 1039 ¹⁴,
653 969 713 1025 sive
734 988 767 1026 ex
784 973 967 1040 conscientia,

64 1071 111 1122 ne,
139 1056 215 1127 quod
235 1058 407 1123 vetueratfl,
422 1055 577 1112 uideretur
597 1057 711 1114 emisse.
737 1058 891 1130 Proprium
914 1061 969 1117 hu-

64 1142 141 1199 mani
156 1143 263 1216 ingenii
277 1149 321 1200 est
334 1144 428 1200 odisse
447 1160 532 1215 quern
547 1145 654 1202 laeseris
666 1148 689 1183 ¹⁶
708 1164 715 1200 ε
732 1147 886 1204 Domitiani
901 1165 968 1205 vero

63 1236 167 1289 natura
180 1248 305 1304 praeueps
320 1232 347 1288 in
371 1232 454 1300 iram,
467 1237 508 1297 et,
529 1249 586 1304 quo
607 1233 766 1299 obscurior,
782 1251 815 1291 eo
829 1236 966 1296 irrevoca-

59 1502 183 1547 minations.
197 1503 251 1558 Voy.
264 1503 298 1546 ch.
311 1509 342 1553 12,
356 1508 404 1545 note
417 1509 447 1546 it.
459 1523 484 1533 -
511 1514 516 1529 ·
540 1500 611 1543 donne
623 1513 664 1544 aux
674 1500 756 1544 soldats
769 1512 823 1555 pour
841 1502 926 1545 auteur
938 1505 966 1547 lu

59 1574 80 1611 t.
102 1566 230 1617 Ooonltiue,
246 1568 359 1620 masquaut
377 1564 424 1607 leur
438 1563 486 1606 des·
540 1562 964 1618 sel,uolonumarqentnmlnuguslo,

57 1627 113 1671 selu.
127 1628 201 1681 comp.
219 1629 282 1670 Anu.
299 1627 335 1677 lV,
354 1631 381 1669 to
398 1636 430 1668 ια
442 1636 484 1668 non

57 1690 137 1734 occulti
157 1689 253 1743 (upote)
279 1688 355 1731 terunt.
381 1702 394 1727 n
414 1709 441 1719 -
464 1692 483 1730 u.

59 1751 164 1803 Quietem
171 1757 190 1793 et
197 1749 353 1803 oliumNoyez
360 1748 394 1791 eh.
405 1752 483 1798 nolti,

58 1815 80 1857 la
95 1814 161 1856 mtrue
180 1812 312 1866 expression.
327 1835 353 1843 -
365 1819 384 1855 7.
394 1812 485 1864 Appro·

57 1874 145 1921 tundo.
158 1872 229 1926 suppl.
245 1872 379 1913 Domitiano
397 1884 404 1913 .·
423 1869 450 1911 ils
461 1881 484 1911 se

57 1934 162 1987 ebergent
179 1933 204 1974 de
226 1932 277 1974 loire
296 1932 394 1984 agrterl
414 1927 485 1972 Domi-

59 1996 111 2039 tian.
124 1994 158 2038 Cl.
169 1995 202 2038 eh.
215 2001 234 2043 5,
245 2007 266 2036 n.
282 2002 300 2038 t.
311 2017 332 2026 -
346 1998 365 2036 t.
376 1991 482 2043 obscuri,

57 2056 135 2098 o.-l·d.
152 2056 259 2098 ensem
277 2055 352 2098 oei-eu
372 2059 483 2108 ouantes:

57 2116 201 2172 poetique·
211 2125 230 2162 t.
237 2119 387 2160 Portunum.
398 2116 483 2157 liemar-

56 2192 110 2233 quez
125 2179 144 2222 lu
164 2179 220 2222 toruo
233 2180 259 2222 de
272 2191 297 2223 ee
308 2185 359 2229 mot,
372 2176 414 2232 qui.
423 2181 482 2230 punt

57 2242 77 2283 la
90 2241 185 2285 violence
206 2242 293 2285 morale.
313 2264 339 2274 -
364 2247 395 2284 lt.
409 2240 482 2283 Puro-

55 2313 102 2358 tus‚
113 2308 185 2349 exoret
197 2307 215 2349 i.
231 2307 331 2353 Suetone.
340 2304 422 2347 Claud.
437 2310 479 2348 ta:

56 2384 68 2406 ι
80 2373 170 2422 utroque
181 2380 278 2411 sermone
296 2369 382 2413 luroeeo
401 2372 421 2410 et
437 2367 480 2407 Ln-

55 2430 115 2484 tino)
122 2435 216 2482 paratus.
225 2446 237 2469 o
245 2430 390 2483 proprement.
398 2439 480 2470 comme

54 2492 250 2541 imtruetus‚bien
266 2503 346 2546 pourvu
363 2491 396 2531 de.
418 2488 480 2532 cieo-

54 2564 101 2602 non,
123 2554 155 2595 nd
175 2555 221 2597 Art.
237 2554 273 2603 tx.
290 2559 314 2597 tt
331 2564 337 2595 ε
357 2557 479 2605 «paulum

55 2613 159 2668 poullain,
176 2615 281 2668 equitatu,
301 2612 412 2657 classibus.
426 2628 439 2652 ι
452 2635 479 2646 -

55 2683 89 2720 rr.
110 2676 138 2718 ln
149 2677 322 2730 urroyontium.
337 2674 391 2729 Voy.
406 2673 440 2717 eh.
458 2679 479 2727 t,

53 2749 74 2779 u.
89 2743 121 2780 tl.
134 2759 157 2768 -
176 2744 206 2781 ¹2.
224 2737 324 2786 invidio,
339 2736 358 2780 le
374 2735 478 2778 ranclano

52 2797 145 2841 odieur:
159 2811 182 2841 on
201 2797 294 2852 qn'erait
309 2796 405 2839 d'odieux
423 2800 478 2838 celle

51 2860 168 2914 pretendue
189 2860 269 2902 favour.
291 2858 324 2902 Ct.
339 2861 403 2900 Anu.
421 2856 476 2909 ΧΙΙΙ,

53 2927 84 2971 rt,
99 2920 152 2964 rteit
166 2922 191 2963 de
209 2921 301 2963 l'allrout
320 2919 381 2962 taire
395 2917 479 2961 Britan-

51 2981 130 3024 nicus:
154 2998 164 3020 ι
184 2982 247 3030 Nero.
266 2980 372 3023 intellecta
387 2977 477 3032 invidis,

46 3042 119 3082 odium
129 3041 229 3085 intendit.
238 3059 251 3082 n
259 3066 286 3075 -
293 3048 329 3088 13.
341 3041 479 3095 sutorium,

540 1634 577 1666 sur
595 1624 615 1665 le
637 1621 717 1666 consuit
741 1622 767 1664 de
789 1623 872 1666 tltetne
893 1621 964 1676 (Dion,

540 1684 583 1735 un.
599 1689 641 1737 2³).
663 1681 824 1726 arailattritut
845 1694 880 1725 ees
900 1683 965 1726 hono

540 1747 606 1790 ratres
615 1758 655 1789 aur
666 1756 811 1799 gourerneuru
821 1745 846 1787 de
857 1745 962 1800 provinno.

538 1807 579 1850 utin
591 1808 617 1849 de
627 1807 673 1849 leur
684 1810 797 1861 permettro
811 1805 837 1848 do
850 1805 903 1849 tenir
915 1807 962 1849 leur

539 1880 593 1922 rung
603 1880 654 1911 sans
666 1879 783 1923 ranuonuer
793 1868 851 1910 leurs
862 1869 963 1911 nominis

539 1931 588 1973 tre's.
599 1953 626 1962 -
637 1936 669 1974 it.
684 1930 795 1981 Offensus
806 1931 961 1983 neapolitum
1037 1932 1042 1940 “

538 1993 650 2037 (sous-ent
681 1991 767 2045 subse)
788 2005 796 2034 .·
815 1992 960 2035 construction

538 2065 592 2095 rare.
601 2075 628 2084 -
639 2058 671 2096 1⁵.
682 2052 749 2103 Quod
758 2060 867 2103 uouerat,
882 2052 961 2096 l'luter-

537 2114 615 2158 diction
625 2113 678 2170 qu'il
692 2113 750 2157 nvait
762 2115 888 2169 prunereto,
903 2115 962 2160 o'est·

536 2175 602 2219 l-dire
625 2176 644 2218 la
664 2175 792 2219 soumission
815 2175 960 2229 d'ngrieolal

535 2243 591 2281 cette
605 2236 749 2280 interdictiou.
765 2260 791 2270 -
811 2242 842 2281 rt.
856 2239 958 2283 inseris.
1043 2254 1046 2259 ·

536 2301 615 2343 l³enste
638 2299 746 2354 protende,
767 2300 821 2342 mair
844 2302 883 2354 qut
907 2309 960 2345 u‘esr

535 2362 644 2417 urnisque
657 2373 710 2415 pour
722 2362 819 2404 lestines
831 2362 870 2403 urat
889 2361 959 2406 tutes.

534 2423 638 2477 seneque
650 2423 683 2465 De
700 2421 746 2473 tra,
763 2422 787 2472 ll,
807 2426 841 2473 ts,
862 2421 895 2464 dit
908 2423 959 2478 plur

532 2486 662 2541 Justemout:
674 2500 684 2522 ι
696 2485 740 2526 lloc
753 2480 829 2526 habeut
843 2485 957 2538 prunorum

534 2545 599 2589 enimi
623 2557 700 2598 magua
721 2545 804 2588 fortuna
820 2544 957 2590 insolentes:

534 2619 589 2662 quos
611 2607 717 2656 inserunt.
739 2612 761 2649 et
784 2607 909 2650 oderunt.»
928 2609 957 2650 Le

534 2671 634 2723 Bruytra
652 2675 743 2712 souvent
761 2667 858 2719 chagrin.
877 2679 958 2711 commo

534 2732 614 2778 Tacite.
623 2732 726 2788 peutttro
737 2742 791 2786 pour
801 2729 861 2772 avoir
869 2732 957 2774 observo

535 2796 553 2836 le
572 2795 638 2836 ritmo
658 2794 741 2843 monde,
754 2804 777 2834 se
796 2798 906 2835 rencontre
929 2792 956 2835 ici

533 2867 583 2898 aveo
598 2852 635 2905 lui,
648 2853 682 2896 oh.
696 2855 732 2896 Du
748 2863 829 2897 eoeur:
840 2867 852 2890 α
870 2852 955 2897 Comme

534 2928 588 2959 nous
599 2927 654 2959 nous
664 2916 819 2959 affectionnous
831 2914 856 2957 de
870 2915 918 2968 olus
929 2927 954 2956 eu

533 2975 964 3036 olusaurnersonuestuuiunustsimus

537 3034 985 3092 (lutulentorumnouslxixssonuw

35 3099 484 3162 ¹⁶⁸¹¹0¹¹⁰f³fffl⁸wr0prementl'nrgent
513 3152 518 3160 ,
542 3105 721 3150 lammeutteux
733 3084 995 3153 uueuoumnusw
