2160 3442
404 153 485 198 suun
506 152 680 200 AGRICOLAE.
960 151 995 204 55

132 263 213 319 XXX.
231 282 244 316 s
262 261 379 329 Quoties
394 277 494 320 causes
508 264 574 321 beili
593 268 623 323 et
636 264 833 324 necessitatem
848 272 976 324 nostram
986 268 1003 306 Υ

95 351 220 422 intueor,
235 365 359 423 magnus
371 349 441 407 mihi
457 350 570 415 animus
583 355 643 407 est¹
658 351 827 409 hodiernum
839 352 913 410 diem
929 371 994 413 oon·

93 454 270 511 sensumque
279 441 406 495 vestrum
416 437 528 497 initium
541 439 682 497 libertatis
690 440 742 496 toti
756 440 911 499 BritannIae
924 444 992 501 foro.

94 527 168 585 Nam
180 531 209 584 et
223 525 348 582 universi
358 526 504 583 servitutis
517 532 656 599 expertos,
669 532 696 585 et
709 530 793 586 nullae
808 531 884 587 ultra
895 533 994 589 terras*

93 633 126 673 ao
146 631 279 673 nemore
300 614 415 688 quidem
440 621 598 686 seourum⁴‚
614 617 782 677 imminente
801 618 884 676 nobis
904 619 995 678 elasse

93 704 233 762 Romana.
256 703 318 762 iia⁸
337 702 468 778 proelium
487 708 572 777 atque
594 709 701 778 arma⁰‚
723 722 786 780 qua
806 707 927 765 fortibus
943 709 995 766 ho·

93 797 185 862 nnsis,
213 794 313 851 eadent
339 793 425 850 etiam
459 791 570 865 ignavis
596 793 741 851 tutissima
767 798 844 853 sunt.
879 796 994 856 Priores

93 899 208 956 pugne,
219 884 322 956 quibus
333 885 470 940 adversus
484 883 626 939 Romanos
636 882 714 940 varia
728 883 844 942 fortuna
854 890 993 945 certatum

92 973 148 1039 est,
163 986 244 1042 spem
258 987 291 1028 ao
309 970 470 1028 subsidium
491 969 520 1026 in
543 969 650 1026 nostris
671 970 803 1028 manibus
823 960 1010 1044 habebant's

92 1058 171 1132 quia,
185 1057 372 1116 nobilissimi·
389 1060 477 1117 totius
492 1057 647 1115 Britannia
661 1064 770 1132 eoque⁰
783 1060 811 1117 in
826 1061 895 1133 ipsis
909 1079 992 1134 pene-

93 1146 213 1204 tralibus
232 1147 280 1204 siti
300 1165 351 1206 neo
370 1146 586 1206 servientium¹⁰
607 1147 692 1205 litora
705 1148 883 1221 aspicientes,
896 1152 993 1209 oeulos

91 1251 206 1309 quoque
219 1240 266 1292 a¹¹
279 1239 410 1293 contactu
424 1233 627 1292 dominationis
643 1234 794 1293 inviolatos
808 1237 990 1296 habebamus.

94 1327 184 1397 Atque
198 1339 282 1381 omne
299 1324 430 1398 ignotum
446 1341 497 1396 pro
511 1323 663 1396 magnifico
678 1327 765 1434 est-ist:
783 1342 835 1383 nos
851 1331 991 1385 terrarum

90 1511 163 1555 etudid
178 1515 200 1554 et
213 1515 269 1554 oette
286 1511 402 1567 eloquenee
417 1517 513 1564 sanante,

91 1584 140 1616 uon.
160 1570 281 1623 L’histoire,
299 1584 352 1627 pour
368 1573 403 1615 ies
420 1572 513 1624 enciens,

89 1639 123 1677 est
135 1645 176 1676 une
187 1645 258 1677 oeurre
270 1634 331 1684 d'art,
346 1638 420 1678 autent
435 1646 477 1689 que
489 1635 514 1677 de

90 1697 159 1738 bonne
172 1692 200 1737 ror
220 1695 287 1738 :doe
304 1694 362 1750 titre,
382 1696 422 1739 elie
446 1708 458 1738 s
477 1696 514 1739 des

571 1515 616 1554 tant
636 1524 677 1567 que
689 1524 743 1557 nous
754 1524 859 1567 sommes;
870 1518 890 1557 et
901 1515 986 1567 nullm·

569 1573 595 1615 ei.
609 1573 643 1615 oh.
656 1581 690 1627 ao,
706 1579 753 1617 note
767 1581 785 1618 7.
797 1597 822 1607 -
836 1580 856 1620 i.
869 1577 988 1639 Securum,

568 1634 678 1688 Securus,
698 1635 797 1691 appliqud
813 1648 852 1679 aux
870 1637 952 1690 choses,
969 1652 991 1682 se

569 1701 642 1741 trouve
651 1699 695 1753 dejt
704 1698 756 1743 dane
768 1699 885 1752 Tite-Line,
892 1701 989 1755 XXXIX,

570 1767 588 1803 t.
601 1783 626 1792 —
639 1767 658 1804 5.
674 1762 716 1814 Ito,
732 1771 812 1808 comm
828 1762 913 1816 daque.
927 1786 953 1796 —
969 1771 989 1809 d.

568 1821 683 1864 Proets'um
694 1827 762 1875 atque
776 1832 847 1867 armo
863 1825 991 1869 :redoubie-

568 1887 626 1924 rnent
639 1883 736 1931 orotoire.
754 1882 861 1927 ordinaire
880 1897 907 1927 en
928 1885 981 1929 latin

90 1756 177 1800 liberter
200 1767 242 1810 que
260 1756 291 1800 ies
308 1758 419 1801 modernos
439 1769 471 1801 ne*
483 1758 513 1802 lui

88 1816 201 1861 sceordent
208 1815 257 1870 plus
267 1823 289 1860 et
297 1819 334 1861 des
342 1818 441 1872 procedes
449 1819 513 1874 qu’its

89 1877 229 1934 proserirent.
244 1878 276 1923 ct.
290 1879 324 1923 eh.
340 1887 371 1931 15.
384 1885 432 1922 note
444 1886 477 1924 od.

115 1940 184 1985 XXX.
199 1947 217 1983 t.
230 1941 320 1984 Guneus
330 1942 391 1985 beidi.
403 1941 435 1986 Ci.
451 1942 511 1997 ohap.

90 2010 122 2048 tt.
145 2003 309 2046 Necessitatem
345 2007 463 2055 nostram,
494 2004 513 2046 ie

87 2063 162 2108 beeoiu
186 2069 284 2119 pressant
301 2065 328 2107 ou
349 2075 401 2107 nous
421 2075 513 2106 sommae

88 2124 177 2169 redariis
192 2147 219 2158 -
230 2133 250 2170 2.
267 2125 367 2180 diopnsss
383 2126 445 2168 mihi
460 2127 512 2168 uni·

86 2198 142 2229 mue
154 2191 187 2230 eet
196 2186 297 2243 equiraut
308 2189 319 2229 a
329 2187 430 2239 confido,
442 2187 510 2242 requi

86 2248 187 2304 euplique
205 2248 224 2290 ta
243 2248 372 2304 proposition
391 2247 506 2292 induitire.

87 2311 146 2355 C'eet
157 2321 199 2354 une
206 2311 349 2354 construction
366 2310 471 2354 nouvelle.
484 2333 511 2344 -

86 2380 107 2418 t.
117 2372 170 2415 Et...
181 2377 285 2425 supertes
290 2375 380 2426 (sumus)
387 2372 509 2417 noune...

85 2440 161 2477 terres.
168 2431 234 2475 D'une
241 2438 295 2487 pert,
302 2433 386 2477 i'arrnee
394 2446 421 2476 ne
428 2439 511 2490 compte

84 2507 128 2550 que
143 2493 180 2537 des
198 2495 256 2538 denes
273 2495 391 2547 resilientes,
411 2495 463 2539 dont
475 2508 511 2539 su-

85 2568 140 2599 eune
152 2554 186 2598 n's
198 2556 231 2598 eti
247 2558 342 2599 entamee
357 2568 394 2610 par
409 2557 428 2599 ia
443 2556 510 2599 servi-

85 2618 136 2662 tude
155 2627 162 2662 :
182 2616 234 2660 e'est
252 2630 280 2660 un
302 2618 394 2672 premier
412 2628 467 2672 gage
483 2617 509 2661 de

84 2680 171 2732 sussen
184 2678 265 2722 d’sutre
281 2684 335 2735 pert,
352 2679 367 2722 il
384 2680 428 2723 taut
449 2679 509 2722 saiu-

83 2753 120 2784 ere
128 2752 156 2784 ou
166 2740 248 2787 mourir
261 2753 298 2784 eur
308 2754 332 2785 ee
346 2740 421 2796 ehamp
436 2741 462 2784 de
474 2742 510 2785 bs·

85 2801 153 2855 tuille,
168 2801 205 2858 qui
217 2808 250 2845 eet
264 2803 284 2846 ie
294 2803 393 2847 dernier:
406 2807 461 2845 oette
472 2805 509 2846 nd-

82 2863 161 2908 eessite
172 2864 279 2918 nemeen
288 2864 390 2908 tortidant
400 2864 509 2908 leseoura-

83 2936 131 2982 pes.
139 2929 173 2969 est
180 2937 222 2969 une
228 2927 317 2970 seconde
325 2925 395 2969 raison
404 2925 508 2981 d’eeptrer

82 2990 104 3030 is
116 2986 212 3031 vietoire.
223 2991 264 3032 bes
277 2989 338 3044 ebsp.
352 2995 378 3035 so
389 2994 411 3032 et
423 2994 448 3035 tt
459 3001 509 3033 ren-

569 1941 621 1991 t'ny.
632 1948 691 1985 entre
703 1948 775 1986 autres
787 1956 818 1986 es.
836 1944 929 1998 Virgiie,
944 1934 988 1991 tiss.

567 1995 614 2047 vu,
624 2003 670 2041 ass.
681 2019 708 2030 —
722 2005 742 2042 t.
757 2000 881 2043 Habebunt.
897 2001 927 2047 Le
938 2014 988 2047 sens

564 2063 610 2100 est:
620 2059 743 2112 prioribus
751 2062 839 2116 pupas’s
852 2062 896 2107 hoo
909 2062 987 2106 inem

564 2119 703 2173 adjunctum
712 2122 763 2172 (hoe
770 2134 852 2166 eorum
859 2125 987 2178 propedem

564 2185 628 2235 erat).
637 2188 671 2235 ot,
680 2195 827 2238 annuumque
837 2185 936 2237 fertone
948 2187 987 2239 fs-

563 2246 986 2296 retppeseeeobsidtnmtnnobteeo

561 2312 717 2358 peremens-
724 2314 744 2352 e.
751 2308 906 2353 Nobilissimi.
913 2310 985 2364 cesar,

562 2366 589 2410 Β.
599 2367 624 2410 G.
635 2367 663 2418 V.
674 2374 713 2413 ηε
726 2384 739 2409 ι
748 2369 864 2414 Britannis
873 2383 922 2426 pars
930 2372 986 2416 inte·

563 2426 607 2470 rior
615 2429 641 2471 ab
653 2428 680 2472 iis
690 2430 776 2483 eoiitur,
787 2444 843 2487 quos
853 2439 913 2477 natos
921 2433 942 2476 in
952 2434 985 2478 in·

561 2489 658 2545 suhipsa
665 2493 985 2549 memorieproditumdicunt.s

561 2551 603 2592 boe
618 2552 738 2596 Atheniens
747 2554 805 2598 sussi
818 2555 940 2600 sedissient
949 2569 985 2600 su·

562 2612 707 2657 toobtones.-
715 2621 734 2658 t.
743 2616 828 2670 quue,
834 2619 985 2662 commes‘deo·

561 2686 611 2726 que.
623 2674 656 2718 (ii.
667 2676 700 2719 oh.
712 2683 745 2729 2⁸,
756 2681 805 2719 note
815 2685 834 2723 d.
847 2701 873 2710 —
887 2686 918 2722 to.
931 2680 985 2723 Sen-

561 2734 675 2778 ss'ents'um
684 2736 729 2780 doit
738 2738 858 2781 s'entendre
868 2741 984 2784 seulement

561 2796 598 2838 des
608 2796 705 2849 Gauiois,
719 2800 801 2842 sounrie
816 2801 852 2845 des
872 2801 915 2845 lore
933 2805 944 2845 b
962 2805 981 2846 ts

562 2861 694 2906 deminution
705 2861 807 2906 romaine.
826 2885 853 2896 -
868 2868 899 2906 tt.
919 2864 947 2914 A,
958 2869 984 2906 de

563 2926 581 2968 tn
594 2929 643 2978 psrt
656 2924 708 2966 de...
722 2924 750 2967 du
767 2922 806 2966 nn
822 2923 873 2966 de...
886 2921 983 2967 ciceron.

564 2985 626 3030 phet.
640 2989 674 3039 et„
685 2989 700 3030 k
711 2995 721 3027 ·.
736 2999 749 3024 s
766 2988 828 3027 osma
840 2995 857 3024 a
869 2994 948 3024 esnone
962 2984 993 3022 dx-

76 3048 168 3091 remeas
177 3047 200 3091 ¹·
211 3049 391 3106 ds‘retoppemens
408 3051 437 3097 de
453 3058 512 3099 eette
568 3049 617 3095 dn.
629 3066 642 3092 2
657 3072 682 3082 -
696 3055 733 3094 ta.
748 3050 907 3098 etque-..nso
917 3037 1013 3086 moon*

70 3101 304 3164 άΜ’)’ῙθΡΓΟΡοσιῊοιι.
323 3115 450 3173 venissest,
461 3122 516 3164 tous
577 3119 621 3172 {teo
645 3118 689 3159 eet.
709 3113 748 3156 u
766 3105 852 3162 psum
875 3090 1030 3140 umbe-w
