2160 3442
367 170 446 215 suan
470 166 648 216 coercete.
922 160 960 214 lt

55 300 127 342 usus
150 282 359 356 expeditionem
379 287 429 340 aut
452 281 600 341 victoriam
622 285 738 343 vocabat
755 287 872 344 rictos³¹
893 303 958 344 oon·

55 373 192 442 tinuissm
216 390 252 430 ne
278 372 445 429 laureatis³²
464 372 580 446 quidem
607 379 689 447 gesta
714 379 958 447 prosecuisset,

55 464 106 520 sed
122 462 185 534 ipsa
207 461 434 519 dissimulatione
455 461 536 518 fame
559 463 663 519 lamam
685 463 773 529 auxit,
795 464 959 522 aestimanti·

56 551 142 607 bus³³
157 553 264 622 quanta
280 550 369 606 lutari
381 566 431 622 spe
445 553 503 607 tam
518 567 625 624 magna
638 550 773 609 tacuisset
782 557 815 608 ³⁴.

90 638 163 696 XIX.
181 638 314 697 Ceterum
326 639 488 697 animorum
503 640 654 713 provinciae
668 641 802 713 prudens,
817 641 960 715 simulque

54 731 158 787 doctus
169 743 219 800 per
234 728 327 785 aliene
336 728 528 801 experimenta
540 745 642 800 parum
656 727 753 801 profici
764 727 863 799 ermis,
878 729 900 784 si
917 729 960 786 in-

54 818 139 895 jurie
157 820 372 890 sequerentur',
385 833 486 875 causas
503 818 644 874 bellorum
662 817 764 874 statuit
784 817 921 874 excidere.
938 821 958 874 Α

56 925 87 965 se
103 905 221 979 suisque
233 922 317 964 orsus
330 905 456 979 primum
478 908 595 963 domum
616 912 714 964 suam¹
733 906 868 977 coercuit,
883 908 959 980 quod

56 996 201 1072 plerisque
214 996 291 1054 haud
303 995 399 1053 minus
414 996 536 1052 arduum
554 1000 599 1053 est
613 1012 699 1069 quam
720 995 895 1069 provinciam
915 1012 960 1053 re-

55 1102 135 1159 gere.
151 1083 227 1140 Nihil
244 1099 295 1156 per
309 1082 443 1141 libertos³
458 1099 612 1157 servosque
623 1084 742 1156 publicae
757 1083 813 1149 rei3
830 1100 887 1141 non
900 1088 960 1140 stu-

55 1173 112 1229 diis
126 1171 245 1245 privatis
261 1188 312 1229 nec
325 1188 358 1229 ex
375 1172 621 1230 commendatione
639 1175 690 1228 aut
710 1172 840 1244 precibus
862 1176 959 1228 centu-

56 1260 168 1316 rionem
189 1260 329 1318 militesve
348 1260 468 1329 asciret,
488 1262 538 1318 sed
559 1261 698 1334 optimum
719 1276 860 1333 quemquo
881 1260 960 1318 fidis·

55 1350 163 1408 simum
176 1354 294 1423 putare;
310 1349 406 1407 omnia
419 1350 502 1421 scire,
518 1366 575 1408 non
591 1350 686 1413 omnia
700 1350 848 1422 exsequi³3
865 1351 959 1422 parvis

55 1437 179 1510 pcccatis
195 1438 318 1509 veniam,
338 1439 451 1512 magnis
470 1439 653 1497 severitatem
675 1429 891 1509 commodare⁶';
910 1455 960 1496 nec
981 1453 984 1459 ·

56 1528 154 1597 poena⁷
169 1539 290 1596 semper,
311 1525 361 1582 sod
380 1525 483 1599 saepius
512 1524 676 1598 paenitentia
704 1528 855 1581 contentus
880 1541 957 1596 esse,

56 1611 158 1669 ciliciis
172 1615 200 1669 et
215 1612 510 1671 administrationibus
525 1612 620 1686 potius
635 1629 691 1668 non
707 1617 872 1684 peccaturos
888 1629 959 1686 prae-

56 1717 174 1775 ponere,
195 1717 281 1773 quem
302 1702 438 1760 damnare
461 1720 525 1760 cum
550 1706 723 1776 peccassent.
745 1701 909 1758 Frumenti·
934 1709 959 1757 et

57 1790 231 1847 tributorum
250 1791 424 1849 exactionem
443 1791 623 1862 equalitatc⁰
635 1808 788 1849 munerum
806 1790 918 1848 mollire
927 1793 958 1857 ¹⁰,

56 1970 82 1981 -·
106 1954 139 1992 tt.
161 1946 245 2000 Victos,
267 1947 304 1991 dee
325 1949 413 2004 peuplee
436 1950 483 2006 eoje

56 2009 146 2053 veineus
168 2019 206 2063 par
223 2021 259 2052 see
275 2011 443 2065 pridicessenrs.
456 2033 483 2045 -

56 2076 89 2115 ³2.
108 2070 241 2125 haereatis,
261 2077 365 2116 sentent.
389 2072 481 2117 titteris.

56 2134 128 2187 Ptine,
140 2133 168 2176 ll.
179 2135 209 2176 Ν.
223 2133 293 2188 XV,§
308 2141 344 2179 133
356 2147 361 2177 :
375 2150 386 2174 ι
399 2136 483 2179 Laurus

57 2193 160 2237 llomenis
169 2193 280 2250 precipua
291 2194 370 2239 letitie
382 2196 482 2240 victorie·

57 2268 147 2312 rumque
166 2254 243 2299 nuntie
260 2256 348 2299 additur
367 2256 481 2301 litteris.»

56 2341 82 2350 -·
95 2323 128 2362 tt.
141 2317 332 2369 AEetimoettibus,
350 2317 425 2361 eblatii
446 2319 482 2362 eb·

56 2379 103 2424 solu
119 2379 156 2437 qui
170 2379 272 2434 iquiseut
283 2381 296 2423 i
308 2392 363 2423 cum
376 2381 483 2424 homiues

55 2443 206 2487 estimarent.
231 2440 305 2496 comp.
331 2442 391 2486 loe.
416 2443 432 2495 l,
450 2449 481 2489 5:

58 2521 68 2543 ι
90 2504 135 2547 hec
154 2508 219 2560 etque
237 2503 287 2547 telle
308 2502 451 2557 agitantibum
471 2520 482 2543 ι

56 2566 116 2619 Xlt',
129 2571 141 2610 t
149 2578 155 2608 :
170 2581 181 2605 ι
194 2566 238 2608 hee
250 2569 313 2620 etque
327 2564 376 2608 talia
392 2566 484 2620 vulgan-

58 2629 154 2681 tibue;·
169 2628 291 2682 lttet.1,so
306 2632 483 2684 :etemporere-

58 2689 191 2746 putantibus.
206 2706 216 2729 ι
230 2714 255 2722 -
271 2694 304 2735 st.
317 2691 435 2742 manto...
450 2697 484 2735 ta·

58 2753 151 2795 ouieset.
166 2752 298 2807 Remerquez
316 2751 336 2795 le
349 2758 385 2795 ton
400 2754 484 2807 empha-

58 2813 119 2868 tique
131 2825 137 2856 ε
154 2812 215 2856 ileet
228 2813 322 2857 sensible
335 2825 362 2857 en
377 2814 484 2869 plusieurs

58 2874 155 2918 endroits
169 2874 195 2918 de
210 2881 265 2919 cette
280 2875 411 2930 biogreplrie.

535 1952 603 1994 Nihil
609 1963 653 2004 per
660 1952 759 2001 libertos,
768 1952 872 1992 sous-ent.
880 1958 945 2002 apere

535 2013 625 2068 l’ellipse
642 2013 667 2055 de
679 2025 703 2055 ce
717 2012 781 2054 serbe
795 2016 827 2053 eet
843 2010 957 2053 ordinaire.

535 2077 609 2131 Comp.
623 2087 676 2130 pour
691 2075 711 2117 la
731 2074 814 2129 peneto,
825 2073 890 2114 Anu.
901 2072 957 2123 xltt,

535 2145 566 2184 t:
580 2153 591 2177 ε
606 2137 718 2181 discretam
733 2137 817 2179 domum
830 2139 851 2177 et
864 2144 908 2176 rem
920 2145 958 2187 pu·

536 2200 620 2244 blicam.
631 2215 641 2239 ι
653 2205 708 2244 -tn
719 2199 810 2249 Aecire,
820 2195 905 2251 appeler
913 2195 959 2250 pris

536 2260 562 2304 de
575 2260 613 2310 lui,
627 2272 680 2315 pour
691 2259 723 2303 les
735 2258 830 2301 attecher
841 2258 852 2298 'a
865 2267 903 2298 son
915 2267 959 2297 ser-

536 2323 589 2374 rice,
609 2335 635 2366 cu
651 2323 697 2366 leur
719 2322 797 2364 comior
815 2320 852 2362 des
870 2317 959 2372 emplois

536 2385 676 2428 subalternae.
691 2407 718 2415 -
736 2389 756 2426 5.
775 2381 888 2434 Exsequi,
910 2379 959 2422 ici:

536 2445 607 2501 punir.
620 2445 693 2500 Gomp.
710 2444 813 2496 Suetone,
826 2443 876 2486 Ces.
889 2447 922 2485 ot.
935 2462 960 2472 -

536 2515 557 2553 o.
572 2508 733 2561 commodare,
750 2505 824 2549 c.-i-d.
841 2504 960 2547 cominode

536 2571 653 2616 adhibere.
665 2593 692 2602 -
705 2577 724 2615 7.
737 2571 817 2620 Pena,
830 2571 904 2610 s.·ent.
917 2566 959 2615 uti,

537 2633 589 2676 dont
600 2631 661 2675 l'idie
673 2643 696 2674 ee
706 2631 803 2685 presente
814 2626 959 2671 dello-mimo

538 2694 595 2738 C'est
606 2706 634 2737 un
646 2691 741 2746 exemplo
751 2692 776 2733 de
785 2691 805 2732 la
817 2686 960 2732 construction

538 2752 623 2807 appelte
632 2761 736 2806 eeupmo.
747 2750 779 2794 Cl.
787 2750 820 2793 eh.
827 2756 847 2801 e,
854 2753 926 2791 notet.
937 2769 959 2780 -

539 2823 558 2860 8.
567 2814 697 2865 Frumenti,
708 2812 728 2855 le
738 2813 771 2855 ble'
781 2825 822 2868 que
834 2812 866 2854 les
877 2809 961 2866 prouin-

538 2876 598 2920 ciaux
608 2875 687 2919 iteient
700 2879 762 2918 teum
774 2875 800 2917 de
811 2873 894 2916 iournir
910 2882 962 2926 pour

85 2937 210 2981 xlx.·r.st
219 2938 315 2994 inperite
324 2943 483 2992 sequerentur.
538 2939 558 2982 la
577 2938 710 2981 subsistente
724 2937 761 2980 dee
777 2941 863 2991 troupee
877 2940 898 2978 et
910 2943 962 2988 pour

59 2997 93 3042 Cl.
116 2997 177 3052 cnop.
199 3005 230 3048 ¹2,
252 2999 288 3040 tln.
307 3019 334 3030 -
345 3003 365 3041 2.
383 2999 486 3043 Domum
539 2998 573 3043 los
584 3003 658 3043 autres
668 2996 760 3041 testim
778 2997 806 3039 de
818 2987 975 3038 ruse-s.

54 3068 131 3114 aucep,
144 3068 168 3099 se
185 3058 276 3112 maison,
296 3059 430 3106 c'est-ddire
451 3075 490 3108 see
545 3061 757 3118 AEquottmte,pau
772 3069 819 3099 uue
835 3050 996 3106 iudicemus-
1056 3097 1063 3109 .-

44 3115 138 3157 officim
162 3122 184 3160 οἱ
206 3131 243 3162 m
265 3122 398 3168 territenre.
422 3151 447 3160 ·-
468 3134 491 3181 s.
549 3105 1021 3185 percutitu-introiisse-sessum
