2160 3442
125 126 161 176 62
401 134 439 178 DE
462 136 532 178 vtro
556 135 595 178 ET
616 133 752 178 moninus

125 247 303 304 culosissimu
322 264 385 320 quo
404 247 487 304 hodie
508 247 699 319 prosperrime
718 249 785 303 sunt
808 262 929 318 :neque
954 245 1025 302 enim

125 336 206 392 nobis
217 339 267 391 uut
278 337 406 392 locorum
421 337 519 392 eadem
533 335 634 391 notitia
645 339 693 390 aut
704 338 916 390 commeatuum
929 333 1026 389 eadem

124 423 306 491 abundantia,
323 425 372 480 sed
387 440 488 480 manus
503 428 531 481 et
548 429 656 480 arma¹⁴
670 427 699 480 et
713 422 741 480 in
753 423 801 479 his
819 421 928 479 omnia.
947 421 1026 487 Quod

125 513 160 568 ad
183 528 229 568 me
244 512 354 581 attinet,
372 513 431 585 jam
452 513 561 587 pridem
581 512 651 569 mihi
673 512 818 569 decretum
840 509 920 568 est²⁵
935 527 1027 583 neque

126 602 266 658 exercitus
280 618 372 674 neque
384 602 464 657 ducis
479 605 559 674 terga
575 605 635 657 tuta
649 617 721 656 esse.
741 600 865 656 Proinde
875 604 905 654 et
920 597 1026 657 incolu·

126 690 210 746 mites
232 707 264 746 ac
284 691 370 746 decus
388 690 486 746 eodem
508 690 568 745 loco
588 688 643 744 sito
663 691 740 756 sunt,
757 691 786 744 et
807 688 930 744 honeste
951 703 1027 742 mors

126 779 201 850 turpi
216 778 274 835 vita
289 779 391 851 potior.
408 778 465 834 Nec
486 776 640 850 inglorium
664 773 792 832 fueritin
809 776 870 848 ipso
884 779 1027 833 terrarum

126 884 157 923 ac
171 871 280 923 naturae
295 867 350 924 fine
364 866 535 922 cecidissem.

161 955 281 1011 XXXIV.
296 975 309 1007 o
327 955 357 1011 Si
374 972 451 1010 noum
465 959 565 1028 gentes
581 957 665 1026 atque
682 954 780 1028 ignota
792 952 867 1008 ecies
886 953 1026 1010 coustitio

127 1046 197 1111 set¹‚
215 1042 337 1098 aliorum
361 1043 534 1099 exercituum
554 1041 689 1114 exemplis
712 1058 762 1098 vos
785 1041 938 1097 hortarer:
956 1060 1029 1100 nuuc

126 1135 222 1188 vestra
236 1132 355 1188 decore’
370 1134 524 1200 recensete,
543 1134 651 1188 vestros
668 1132 766 1187 oculos
787 1129 975 1204 interrogato.
997 1131 1029 1187 Hi

127 1224 196 1276 sunt
210 1226 301 1293 quos³
316 1221 443 1292 proximo
460 1237 539 1277 enno
558 1236 645 1277 unam
664 1218 806 1292 legionem
822 1219 900 1276 furto
921 1219 1030 1278 noctis⁴

128 1325 280 1382 aggressos
295 1311 418 1365 clamore
432 1309 625 1378 debellastis⁸3
641 1308 671 1365 hi
685 1310 866 1365 ceterorum⁸
878 1307 1028 1366 Britanno

128 1415 193 1455 rum
206 1398 398 1470 fugacissimi⁷
416 1398 536 1472 ideoque
547 1402 605 1455 tam
620 1397 669 1454 diu
682 1396 861 1470 superstites.
879 1397 1030 1466 Quomodo

128 1486 215 1543 silvas
239 1487 386 1560 saltusque
413 1487 647 1559 penetrantibus⁸
674 1484 863 1543 fortissimum
897 1487 1031 1559 quodque

129 1575 233 1632 animal
246 1579 345 1632 contre
357 1580 469 1646 ruere⁰‚
485 1576 585 1647 pavida
597 1579 627 1632 et
638 1575 740 1632 inertia
750 1574 811 1647 ipso
822 1575 949 1648 agminis
962 1592 1031 1634 sono

129 1753 179 1785 sens
193 1739 299 1794 qu'eureit
314 1740 333 1781 le
351 1740 453 1794 participe
475 1752 554 1796 oppre-
607 1739 734 1795 familiaque
744 1740 827 1785 decoro.
837 1755 851 1782 ι
864 1763 892 1773 -
904 1747 924 1801 3,
935 1741 968 1786 He·
980 1748 1032 1786 suut

130 1803 255 1852 utentibus,
275 1803 352 1855 oppose
369 1802 380 1843 'o
399 1801 552 1857 fugientibus.
607 1814 700 1856 quon...
717 1801 790 1856 Comp.
801 1800 923 1856 Tite-Lim,
943 1804 982 1860 Vl,
1003 1811 1031 1849 t:

129 1865 201 1908 Tacite
221 1863 278 1906 varic
292 1863 505 1916 systc'matiqueuront
523 1862 554 1907 les
607 1879 619 1903 a
631 1863 704 1906 Hostis
717 1867 750 1906 est
760 1862 812 1918 quid
834 1864 894 1907 aliod
909 1877 974 1920 quem
990 1878 1032 1921 per·

130 1924 292 1970 constructious.
306 1948 332 1956 -
345 1930 378 1968 ot.
388 1926 473 1967 uranos
485 1931 506 1966 ct
515 1937 554 1968 or·
609 1931 670 1981 petua
698 1926 786 1969 matoria
808 1926 897 1970 virtutis
917 1929 1033 1984 gloriaque

130 2002 176 2032 mo.
197 1989 271 2043 Comp.
293 1988 410 2040 TiteLivu
436 1987 483 2039 Vll,
508 1995 553 2033 35:
608 1988 873 2033 rostrato-t.1¹'orto
883 1993 1032 2047 noctiupor·

132 2074 142 2095 ι
160 2068 206 2098 eum
221 2059 297 2109 praeter
315 2065 371 2096 erma
390 2057 410 2095 et
430 2051 511 2095 animos
523 2064 555 2094 ar·
610 2051 715 2098 lidemont.
734 2050 753 2092 la
766 2051 821 2094 nuit.
837 2048 870 2094 Ci.
882 2050 978 2106 Virgiie,
990 2054 1032 2095 Eo.

132 2130 212 2160 morum
231 2127 341 2167 memores,
358 2114 410 2158 ninii
430 2114 491 2156 vobis
505 2114 555 2156 reli·
609 2111 733 2158 lX.397:«
753 2111 825 2154 tuende
838 2111 880 2154 loci
899 2117 921 2154 et
939 2112 1032 2157 noctis...

133 2179 168 2234 qui
191 2180 274 2221 fortuna
289 2177 369 2219 lecerit.
382 2192 431 2216 u-
442 2184 475 2220 25.
495 2175 555 2218 litet
609 2185 739 2229 oppressum.
759 2189 771 2213 u
788 2198 814 2206 -
826 2181 848 2218 5.
861 2176 979 2219 Prooeimo
995 2189 1034 2220 oo·

132 2243 249 2284 decr-ctum
263 2244 302 2281 cst.
312 2239 409 2291 Bessum,
418 2239 495 2282 Orols.
502 2240 554 2289 sou.

132 2299 557 2355 dupriocechondc':«Aussioooc't-

132 2365 151 2406 o
160 2375 222 2417 pour
237 2363 343 2405 moccimc
353 2364 460 2412 iocentur:
474 2363 524 2404 c'est
537 2361 556 2402 le

134 2425 222 2467 maxime
241 2424 278 2478 qui
300 2423 339 2465 leit
353 2424 384 2464 les
401 2423 479 2476 grands
499 2423 556 2464 hom-

134 2488 220 2538 mest...
231 2500 243 2524 u
258 2507 284 2516 -
297 2490 330 2527 26.
343 2485 389 2526 Nec
399 2483 555 2538 inglorium...

133 2547 250 2590 cecidisse.
275 2545 356 2588 Penste
386 2545 434 2599 pluo
458 2545 557 2588 briileuto

134 2622 175 2663 que
193 2608 260 2651 solide
285 2620 290 2651 :
312 2608 396 2650 e'estto
417 2607 474 2650 troii
499 2607 556 2650 liunl.

136 2671 188 2713 Voir
198 2671 217 2714 le
232 2671 302 2714 notet
317 2670 336 2713 lo
349 2671 377 2713 liu
388 2669 416 2712 du
426 2669 487 2724 clrep.
500 2676 519 2713 8.

161 2735 260 2778 xxxiv.
275 2742 293 2778 t.
307 2733 457 2777 constitisset.
474 2733 529 2776 Pour
539 2732 558 2776 io

135 2797 202 2851 sing..
211 2799 237 2841 ct.
247 2797 280 2840 ch.
294 2804 325 2849 lo.
336 2810 356 2840 u.
369 2804 400 2842 to.
412 2802 462 2838 -2.
471 2797 558 2839 Dccora

135 2860 237 2915 §quirunt
249 2861 260 2902 'n
272 2872 309 2903 ree
324 2863 407 2916 gestos,
419 2870 457 2901 vos
473 2871 559 2914 proprus

136 2922 233 2977 exploits.
240 2935 277 2966 ros
287 2923 348 2966 titrcs
359 2922 559 2978 personnelsmnn.

608 2248 665 2278 no...
674 2236 811 2280 dctcttoctis.
819 2237 874 2291 Voy.
882 2235 917 2280 ch.
931 2243 966 2281 oo.
978 2262 1003 2271 -
1014 2244 1032 2282 ⁶.

609 2299 743 2341 Ceterorum
756 2298 813 2353 joint
831 2311 857 2341 nu
874 2299 992 2354 superlatii
1003 2305 1034 2344 est

610 2372 638 2402 un
655 2360 774 2414 pleonasme
786 2360 850 2414 qu'on
864 2372 891 2402 ne
913 2365 989 2406 trouve
1000 2372 1035 2417 pos

610 2423 659 2465 chez
674 2422 847 2477 lesclassiques:
860 2421 914 2465 e'oot
930 2435 973 2466 uuo
987 2422 1035 2466 imi·

611 2483 676 2526 tutior
688 2484 715 2527 du
727 2496 784 2537 grec.
799 2483 856 2527 Wex
867 2482 914 2527 cito
922 2484 1034 2540 Sophocle,

611 2549 666 2590 Ant.
681 2554 718 2591 100
737 2559 743 2589 :
760 2551 865 2590 κάλλιστον
886 2552 923 2590 τῦν
941 2553 1035 2604 προτέραν

612 2616 679 2666 pom
697 2609 827 2664 Thucydide,
852 2610 868 2662 l,
886 2616 895 2652 t
911 2613 1026 2664 totingen.

611 2676 761 2728 ἀξιολογώτατον
772 2679 808 2715 τῶν
827 2679 999 2730 :peremptum
1011 2693 1036 2706 ·-

612 2741 631 2778 7.
643 2735 979 2790 Fupacostmt...sopmttm.
992 2733 1036 2778 cu-

612 2808 685 2850 gacus,
700 2810 726 2840 uu
738 2796 852 2848 contraire,
863 2796 994 2851 appollosou
1006 2808 1037 2839 ar·

613 2858 700 2902 mimia
713 2861 796 2903 reservo
809 2859 908 2913 suprturo
926 2857 953 2902 de
967 2859 988 2902 io
1002 2872 1036 2914 po·

614 2921 661 2975 trie,
673 2934 726 2976 spec
740 2933 768 2965 oc
778 2922 914 2965 subsidium
929 2921 973 2975 (ch.
995 2925 1035 2976 to).

123 2983 184 3030 XIV.
198 2989 227 3026 n
236 2995 246 3026 ,¹
255 2984 335 3027 «inter
355 2983 439 3028 nobiles
462 2988 485 3027 ot
497 2983 562 3038 longo
617 3006 643 3015 -
655 2990 678 3027 o.
689 2982 956 3036 Pencoronttomuppl.
964 2984 1036 3025 cotto.

110 3042 191 3086 ’ΜΝ
214 3047 375 3101 rasennam
397 3063 411 3088 n
441 3046 565 3100 Tite-Lice.
621 3043 803 3097 Touuouuseet
818 3045 945 3092 unguinum„
960 3046 1054 3090 uspu-

94 3097 131 3146 We
149 3110 197 3146 [θ’
222 3123 235 3145 a
250 3119 301 3151 cum
325 3110 398 3156 molta
418 3111 516 3156 retentet
528 3122 570 3156 oua
627 3105 784 3150 tonost-o
810 3100 925 3145 Romen
940 3098 968 3136 tu
983 3101 1005 3138 t*
1023 3104 1069 3143 w·
