2160 3442
334 193 337 198 .
380 158 458 205 suun
479 160 657 206 anniculae.
932 153 968 207 59

66 273 230 346 plerosque,
251 272 318 330 lico't
336 272 522 330 dominationi
542 273 640 331 aliene
659 275 828 348 sauguinem
842 293 968 335 commo·

66 363 145 431 dent,
159 359 267 418 diutius
281 365 376 418 tamen
391 362 488 418 hostes
503 378 588 434 quum
604 379 712 433 servos,
728 364 782 420 lide
799 352 828 420 et
847 365 967 423 allectu⁸

66 449 156 506 teneri
172 450 289 522 putatis.
310 450 404 507 llletus
418 467 449 506 ac
463 452 556 507 terror
568 454 638 520 θεῖ’,
658 451 771 508 infirma
789 452 882 510 vincla
896 454 967 511 cari-

66 538 148 607 tatis,
170 555 233 612 qum
254 539 302 595 ubi
326 539 492 610 removeris,
510 540 559 612 qui
584 539 686 597 timere
704 540 850 612 desierint,
872 543 966 600 odisse

10 674 13 679 .
64 627 210 700 incipient.
234 627 336 684 Omnia
352 627 475 685 victoriae
495 628 677 686 incitamenta
690 646 741 701 pro
762 630 860 687 nobis⁷
879 637 964 689 sunt:

64 717 151 772 nullae
166 716 310 773 Romanos
330 717 466 790 conjuges
481 718 663 786 accendunt⁸,
682 719 752 773 nulli
772 723 903 791 parentes
923 722 965 777 lu·

63 821 132 877 garn
153 805 350 876 exprobraturi
366 808 450 874 sunt,
470 803 521 863 aul
539 806 624 862 nulla
638 806 781 879 plerisque
802 808 895 879 patrm
916 813 966 864 aut

64 893 121 950 alie
135 896 204 949 esu.
218 894 328 950 Paucos
341 910 459 951 numero
468 898 501 966 ¹⁰,
515 894 641 965 trepidos
651 894 853 968 ignorantiafl,
866 898 964 954 caelum

64 982 159 1054 ipsum
179 997 211 1038 ac
226 997 304 1038 mare
324 986 353 1038 et
374 982 470 1052 silvas,
485 983 585 1056 ignota
602 982 708 1052 omnia,
727 983 966 1056 circumspectan-

64 1074 148 1140 tos¹¹‚
164 1069 277 1127 clausos
292 1071 500 1142 quodammodo
513 1088 546 1127 ac
565 1070 675 1128 vinctos
689 1071 727 1127 dii
742 1068 824 1129 nobis'
839 1073 965 1131 'tradide-

63 1162 144 1216 ruut.
167 1159 209 1215 Ne
228 1159 337 1215 terreat
353 1176 444 1217 vanus
468 1164 599 1233 aspectus
620 1165 649 1217 et
670 1160 731 1216 anri
758 1162 853 1232 lulgor
880 1167 965 1234 atque

62 1247 187 1323 argenti,
203 1249 279 1321 quod
298 1264 389 1321 neque
404 1250 475 1323 tegit
487 1266 579 1323 neque
592 1250 762 1306 vulnerat¹³.
778 1248 808 1306 ln
823 1250 885 1323 ipse
899 1252 964 1309 hos·

62 1336 137 1395 tium
159 1336 218 1394 acie
233 1337 410 1395 inveniemus
424 1338 538 1395 nostras
553 1343 695 1395 manus¹⁴.
719 1341 881 1412 Agnoscent
903 1339 964 1396 Bri·

62 1424 144 1483 launi
163 1441 246 1481 suam
267 1442 393 1496 causam,
408 1427 633 1483 recordabuntur
653 1427 724 1483 Galli
739 1427 864 1499 priorem
879 1428 963 1485 liber·

62 1518 152 1572 tatem
175 1533 182 1569 ι
202 1515 334 1572 deserent
356 1514 420 1572 illos
441 1516 526 1572 ceteri
549 1516 692 1584 Germani,
709 1520 854 1590 tamquam
873 1534 965 1589 nuper

62 1602 143 1675 Usipi
167 1601 385 1676 reliquerunt¹⁸.
412 1604 470 1662 Nec
496 1605 648 1678 quicquam
676 1605 751 1660 ultra
780 1604 961 1662 formidinis:

61 1709 152 1751 vacue
169 1693 296 1762 castella,
310 1708 411 1750 senum
429 1694 587 1762 coloniae¹⁶,
608 1693 681 1749 inter
698 1692 771 1749 male
788 1696 920 1764 parentes
935 1697 964 1751 et

60 1893 144 1937 tire'ede
153 1895 486 1950 l'erpreesionpudendumde'e-
540 1898 612 1950 breur,
626 1909 663 1951 per
674 1897 819 1953 comparaison
836 1910 886 1940 aree
902 1911 962 1943 nous.

59 1965 93 2003 ese.
104 1977 131 1988 -
143 1962 163 2000 t.
175 1957 355 2012 Affectu,parun
369 1959 485 2003 sentiment
538 1983 566 1992 —
576 1968 608 2004 ll.
627 1959 770 2015 lyaei-ontio.
784 1960 814 2002 Le
833 1971 882 2001 eene
902 1960 928 2002 de
939 1973 963 2004 ce

29 2050 32 2053 .
58 2017 484 2070 sindremont,rozeaeeeniatiosine
540 2025 628 2064 molest
647 2020 762 2063 determine
778 2032 816 2075 par
830 2020 849 2062 la
869 2024 963 2075 proposi-

58 2079 489 2132 ellecluperagitur-e-o.dlelus...eet:
539 2081 738 2126 benedicente·
752 2089 782 2125 12.
802 2081 963 2136 Circumspec-

59 2144 113 2189 e'esl
129 2149 218 2187 terrent.
240 2143 357 2199 dupliquez
372 2145 428 2187 ainsi
442 2156 484 2187 :eo

59 2218 111 2260 quae
126 2207 216 2250 dietim
225 2207 289 2260 fides,
303 2212 378 2250 outae
389 2213 429 2260 eet,
439 2220 484 2261 qno

59 2269 156 2312 mum
167 2273 281 2311 tacentur.
290 2290 316 2300 —
326 2270 482 2322 ¹1.Pronobte‚

10 2348 15 2354 ·
59 2329 484 2384 e.·td.nobe‘aprope'tio.-s.dccen-

58 2392 128 2434 dunt.
142 2392 200 2434 Dans
215 2391 247 2433 les
258 2391 363 2434 Annales
375 2391 429 2447 lxiv.
441 2395 482 2447 36),

58 2453 184 2504 Suetonius,
195 2457 282 2496 mennnt
293 2466 328 2497 ses
337 2458 422 2508 tmupes
433 2466 484 2497 con-

59 2523 91 2561 tre
106 2515 192 2559 i'ermte
210 2515 236 2559 de
253 2515 367 2567 Boudicca,
386 2516 431 2560 leur
444 2517 482 2568 dil,

58 2591 84 2621 su
98 2575 226 2620 contraire:
247 2592 261 2616 e
279 2577 328 2632 plus
346 2576 390 2621 illie
409 2578 485 2632 (apud

56 2640 198 2694 Britannos)
220 2637 346 2682 leminerum
367 2651 431 2693 quam
449 2641 483 2695 Ju-

57 2700 155 2745 rentutis
173 2699 257 2756 aspici:
272 2700 377 2752 imbelles,
391 2700 483 2744 inermes

56 2774 156 2806 cessuros
166 2762 246 2805 statim.
253 2769 325 2806 n-e.
333 2764 381 2805 Aul
389 2764 481 2806 ηαὶὶα...

56 2831 98 2868 out
110 2825 168 2869 elio.
181 2826 223 2870 Les
234 2836 282 2877 uns,
291 2825 402 2878 e'lrangers
413 2826 425 2867 t
436 2829 483 2869 tous

57 2888 89 2930 les
101 2887 176 2931 nobles
186 2886 322 2938 murimonte,
339 2886 398 2929 u’onl
408 2899 445 2942 pao
457 2889 483 2932 de

56 2948 140 3004 petrie;
161 2948 182 2992 le
200 2947 269 3005 patrie
286 2947 324 2991 des
338 2953 416 3001 autres,
432 2949 483 2992 Ger-

56 3010 132 3062 malne,
141 3011 236 3064 Grnlole,
246 3017 294 3065 ete..
302 3011 357 3056 n'eet
368 3024 406 3068 pae
418 3012 438 3057 la
448 3025 484 3059 na·
539 3022 607 3067 norea
624 3010 726 3054 tontole
743 3009 813 3053 mim.
826 3031 854 3040 -
871 3015 908 3049 us.
916 3007 978 3046 neue

539 2151 620 2197 tontes,
645 2148 745 2188 tournant
760 2144 791 2187 les
810 2144 900 2197 regards
912 2157 963 2188 arec

540 2206 671 2262 inquietudo.
693 2205 766 2262 Comp.
786 2205 888 2259 Sellusle,
907 2208 961 2263 dep.

540 2275 572 2321 ⁷2,
586 2278 617 2313 2:
634 2285 647 2308 e
663 2268 839 2324 circumspectare
856 2269 927 2313 omnia
941 2277 962 2315 et

538 2331 595 2374 omni
604 2330 694 2385 strepitu
707 2342 832 2385 pavescere;
846 2346 858 2370 e
869 2331 960 2385 Virgile

539 2383 582 2436 lin.
595 2395 620 2445 ll,
630 2400 669 2438 do:
683 2408 695 2432 e
706 2393 817 2450 Constitit,
833 2399 898 2448 etque
912 2407 962 2437 ecu-

539 2455 566 2499 lis
580 2455 674 2510 Phrygia
686 2455 771 2508 agmina
783 2456 961 2511 circumspexil;n

538 2521 560 2559 et
578 2517 664 2565 Recine.
684 2516 782 2569 Albaue,
797 2517 824 2573 V,
839 2525 850 2563 t
870 2530 902 2560 :n
921 2520 962 2561 Tes

538 2590 590 2633 your
602 2579 716 2622 cherchent
728 2579 812 2622 eumin
824 2592 830 2622 :
842 2585 865 2623 tu
873 2593 898 2622 ne
909 2593 961 2635 peur

537 2641 647 2695 e'chepper.
660 2639 748 2683 ElDieu
763 2641 788 2684 de
802 2645 961 2696 touteepartee

537 2714 562 2745 su
575 2701 726 2756 t’enveiopper.
746 2702 776 2746 Ge
794 2701 857 2754 Dieu,
876 2715 918 2757 oue
938 2709 961 2747 lu

538 2763 628 2815 bramis,
649 2774 675 2806 en
688 2775 727 2805 nos
739 2763 808 2807 mains
821 2765 848 2808 t'e
858 2763 932 2809 lierda.
950 2781 961 2807 ι

537 2847 563 2856 -
572 2832 603 2869 le.
610 2826 688 2877 Neque
696 2824 812 2870 outnwol.
822 2826 897 2881 comp.
904 2827 961 2870 Tite

538 2886 597 2941 Lice,
616 2887 643 2938 Χ,
664 2893 696 2931 39.
709 2891 775 2931 -1l.
798 2888 897 2932 Nostrae
912 2901 961 2932 mo·

536 2959 590 2996 nus.
605 2948 641 2991 dos
662 2948 710 2991 brae
728 2948 766 3004 qui
781 2954 830 2993 eona
855 2951 868 2992 t
891 2962 960 2993 nous:

46 3076 92 3111 ²¹⁰⁰
103 3082 161 3122 Mur
172 3072 267 3126 laquelle
279 3074 309 3119 ils
320 3075 445 3124 nonium.
460 3103 486 3114 -
545 3082 663 3134 peomne.
674 3074 739 3130 *lurp
756 3071 794 3114 eb.
806 3075 848 3136 'eb-
862 3086 892 3098 -
909 3069 947 3103 bb·
956 3060 999 3097 Ἃ
1044 3062 1060 3167 4

40 3135 71 3172 ‘⁰'
91 3129 188 3173 I'WW
213 3146 319 3181 numm
335 3150 345 3180 ι·
360 3151 405 3197 peu
425 3152 489 3187 nom·
552 3142 639 3195 lenta,
661 3137 751 3197 plectet
769 3138 871 3176 ornamus
887 3116 1044 3173 &si-2³¹⁸·-
