2160 3442
376 139 456 183 tutti
477 138 651 184 ncnlcoffl.
929 129 966 182 77

64 253 170 310 audita
182 257 272 309 morte
286 251 490 324 Agricolae‘aut
498 253 611 308 laetatus
625 256 675 307 ecit
686 252 782 308 statim
796 253 901 308 oblitus
911 259 964 310 est.

70 341 200 413 Augebat
210 340 421 396 miserationem
434 343 567 397 constans
581 344 697 396 rumort
709 352 815 396 veneno
828 340 966 411 intercep-

67 433 159 485 tum:
186 429 286 486 nobis⁴
307 429 378 483 nibil
400 429 549 502 comperti,
569 436 603 485 nt
627 430 770 485 affirmare
788 429 967 485 ausim.>Cc·

68 522 173 595 terum,
186 532 237 588 per
261 532 375 572 omnum
394 515 584 572 valetudinem
600 516 671 588 ejus,
694 517 820 572 crebrius
833 532 918 587 quam
934 533 966 571 ex

67 621 148 662 more
156 605 331 676 principatus
340 620 391 674 per
403 604 518 659 nuutios
526 604 873 660 visentis⁸etliberlorum
881 604 962 674 primi

67 698 97 748 et
112 693 286 752 medicorum
300 691 393 747 intimi
406 707 519 759 venere,
542 691 601 746 sive
617 706 686 752 cura
709 691 780 748 illud
801 691 860 747 sivo
873 691 968 762 ioqui-

67 781 135 838 sitio
146 786 216 838 crat.
229 783 371 850 Supremo
380 779 494 851 quidem
509 778 555 834 die
568 785 712 836 momenta
721 779 782 851 ipsa
793 779 965 837 deficientis⁶

66 885 126 941 per·
134 868 287 940 dispositos
297 872 446 923 cursorest
462 866 610 922 nuntiata·
624 867 781 932 constabat,
792 865 891 921 uullo⁸
906 881 965 922 cre-

67 956 214 1013 dente'sic
232 955 380 1011 :accelerari
405 971 467 1026 que
489 954 580 1009 tristis
601 954 751 1010 audiret¹⁰.
764 954 903 1025 Speciem
925 957 966 1008 ta-

68 1060 135 1100 men
158 1042 271 1102 doloris,
289 1041 569 1113 nabitusscultuque
591 1044 697 1113 prae'se
724 1040 798 1107 tulit,
818 1056 935 1096 securus
944 1047 966 1078 ¹¹

65 1133 127 1204 jam
140 1131 197 1187 odii
213 1129 303 1202 etqui
321 1129 430 1184 facilius
444 1129 637 1191 dissimularet
658 1127 794 1201 gaudium
808 1142 893 1200 quam
908 1145 966 1184 me·

68 1225 141 1275 tum.
168 1218 244 1275 Satis
265 1219 422 1285 constabat,
447 1217 519 1272 lecto
546 1218 715 1272 testamento
735 1215 883 1287 Agricolae,
909 1232 966 1288 quo

67 1306 235 1364 coheredem
250 1305 362 1376 optimae
385 1305 464 1360 uxori
476 1307 504 1360 et
515 1303 647 1374 piissimae
660 1302 756 1358 siliae¹⁸
774 1303 966 1383 Domitianum

69 1394 193 1465 scripsit,
220 1385 345 1459 laetatum
369 1408 434 1448 eum
453 1393 531 1448 velut
554 1392 662 1448 honore
674 1377 875 1463 judiciotiucssss
897 1392 965 1448 Tam

68 1499 143 1539 caeca
159 1487 187 1539 et
208 1485 341 1552 corrupta
359 1496 440 1536 mens
460 1479 583 1536 assiduis
606 1479 817 1560 adulationibus
840 1485 911 1547 erat,
931 1467 966 1536 'ul

70 1571 193 1643 nesciret
216 1571 327 1626 abono
348 1572 428 1639 patre
451 1584 508 1624 non
532 1565 617 1623 scribi
640 1566 773 1622 heredem
789 1566 844 1622 nisi
859 1567 964 1622 melum

68 1660 263 1732 principem¹⁸.

69 1932 95 1961 en
117 1919 167 1970 tete,
187 1916 281 1959 distreit.
293 1939 319 1948 ·-
335 1921 354 1959 1.
376 1914 491 1957 Constans

69 1991 162 2022 rumor.
170 1976 233 2027 Dion,
241 1976 318 2028 LXVI,
327 1982 360 2021 2⁰.
368 1978 465 2028 rapporte
472 1973 491 2015 lo

69 2043 112 2086 leit
126 2036 312 2084 comme-certain.
323 2036 404 2086 Tacite,
423 2034 491 2077 moins

69 2101 198 2152 attitulatis,-
214 2098 284 2141 donne
302 2097 330 2140 ici
352 2108 393 2140 une
415 2108 491 2150 preuve

70 2160 216 2216 remerquoble
228 2186 231 2191 -
242 2158 408 2212 d'imnertielitd.
427 2174 455 2195 ψ·
470 2163 490 2201 t.

69 2225 152 2275 Nobis,
163 2221 197 2275 iel,
208 2233 289 2265 comme
298 2233 324 2264 au
334 2221 398 2264 debut
406 2220 434 2263 du
444 2220 492 2263 cba-

67 2288 131 2342 plue,
147 2283 234 2338 designo
244 2285 264 2326 la
274 2283 353 2327 lamillc
362 2282 493 2337 d'Agricoln.

67 2373 96 2381 -
104 2355 125 2392 5.
137 2347 246 2397 Visentin
254 2346 352 2400 supple'ez
361 2345 494 2389 Domitian(

68 2423 97 2453 ou
109 2409 238 2463 principis,
252 2408 305 2450 dont
320 2406 382 2449 l'idte
395 2411 428 2450 est
444 2419 495 2450 con-

67 2477 132 2515 teneo
145 2469 198 2512 dans
211 2470 231 2512 le
247 2473 313 2511 terme
329 2468 414 2522 general
426 2469 496 2522 pren·

68 2534 170 2588 cipotne.
185 2553 213 2563 -
228 2536 249 2574 o.
260 2532 377 2573 Memento
388 2531 495 2584 deflean-

68 2597 108 2646 tie,
130 2593 162 2637 les
181 2592 247 2636 crisos
264 2593 290 2636 de
312 2591 412 2646 lagonis.
426 2616 452 2625 -
473 2598 494 2637 7.

68 2657 190 2700 Cursum.
208 2653 226 2696 ll
242 2658 323 2696 ressort
338 2653 364 2696 de
384 2664 408 2696 oe
429 2650 494 2696 detell

68 2731 112 2774 que
129 2715 248 2769 Domitiem
262 2716 275 2758 t
288 2727 311 2759 cc
327 2720 428 2767 moment,
442 2716 495 2760 erait

68 2782 146 2824 absent
155 2778 180 2821 do
189 2779 264 2830 Romo,
275 2777 433 2832 probablemeot
442 2777 495 2822 daus

68 2843 88 2884 le
98 2839 166 2894 pelais
175 2839 228 2894 qu'il
237 2837 346 2893 possc'dait
361 2850 388 2881 au
402 2838 451 2894 nied
464 2838 494 2883 du

71 2905 132 2943 mont
140 2899 226 2944 Albain.
237 2923 263 2937 -,-
274 2907 296 2945 1.
303 2898 425 2951 Nuntiato,
434 2910 493 2942 sous·

69 2967 116 3005 ent.
129 2972 185 3003 erec.
199 2969 256 3006 -1,
270 2961 351 3003 Nullo.
370 2961 491 3004 Nnttarou

70 3021 143 3074 nulli,
161 3034 190 3065 au
200 3022 243 3065 lieu
257 3022 283 3064 de
303 3034 379 3075 nemo,
393 3027 427 3066 est
439 3035 496 3080 rore,

61 3084 131 3124 mom
141 3082 154 3122 1
165 3087 221 3125 cette
232 3083 353 3138 §coqun-
365 3094 396 3132 111.
410 3086 495 3138 Quo...

105 1745 201 1832 XLIV.
220 1744 312 1801 Natus
327 1749 388 1801 erat
407 1744 539 1816 Agricola
559 1742 626 1800 Gaio
642 1742 752 1834 (laesere
766 1743 882 1799 tertium
900 1760 966 1800 con-

545 1913 646 1963 audiret
668 1923 708 1954 une
732 1913 829 1955 nouvelle
853 1913 905 1966 qu'il
930 1913 967 1955 cdl

545 1972 966 2029 appriseavesnienses-tnllcbitn,

545 2035 599 2077 dens
609 2046 648 2077 son
662 2034 773 2078 naintien.
784 2057 811 2068 -
824 2042 856 2079 ¹2.
865 2036 967 2078 secem

545 2097 604 2150 odii,
615 2095 766 2139 satislaitdaus
774 2096 872 2149 saboim,
883 2097 966 2152 n’eyant

546 2159 595 2213 plus
614 2157 659 2203 rien
680 2159 691 2200 l
713 2157 810 2202 creindre
824 2159 850 2202 do
867 2172 891 2203 ce
911 2162 963 2204 con.

546 2220 602 2264 Ods'i
621 2225 654 2263 est
669 2232 697 2262 un
716 2219 796 2274 genitil
814 2221 963 2270 determinatil.

546 2282 606 2325 Cette
622 2281 774 2334 construction,
787 2283 839 2326 dont
852 2284 924 2327 Tacito
936 2286 965 2327 ot-

546 2345 577 2387 lre
587 2344 679 2387 il’eutrcs
690 2345 796 2399 exemplet
806 2357 856 2389 avec
869 2346 887 2387 le
899 2347 966 2390 meme

546 2405 639 2461 adiectit
656 2406 725 2460 paralt
743 2406 814 2450 imitte
828 2408 853 2450 de
867 2408 964 2461 Virgile:

546 2457 966 2522 roy.Entello:«securusamorumm

546 2552 573 2562 -
581 2536 613 2575 1³.
621 2530 741 2584 optime...
750 2531 873 2585 piissimae»
880 2531 909 2574 Co
918 2537 967 2574 cont

547 2591 766 2635 iraimmblablemem
786 2593 817 2634 les
834 2597 911 2635 termes
927 2594 967 2635 me

546 2667 591 2698 mes
607 2654 635 2698 du
655 2658 813 2697 1111111111.-
827 2660 860 2699 11.
875 2655 967 2698 Honore

542 2717 689 2772 judicioque,
701 2726 842 2769 cruenterque
857 2715 884 2757 de
897 2716 963 2759 consi·

547 2776 640 2820 deretion
651 2782 709 2819 etun
720 2776 854 2830 ttrnoissnage
864 2776 967 2819 d’estime.

546 2835 712 2881 -1t.l1olnm
722 2836 856 2890 principem
870 2849 877 2878 :
894 2835 968 2878 laisser

547 2910 575 2941 un
594 2897 641 2951 legs
653 2899 667 2939 e
678 2909 708 2940 un
721 2897 793 2951 priuos
811 2897 966 2951 tout-puissam

546 2965 568 3002 et
578 2959 724 3003 rodoutttteit
731 2971 785 3014 nour
796 2958 977 3008 lenissumus

550 3034 628 3078 mosen
643 3021 753 3066 dnssurer
764 3021 784 3062 b
800 3024 849 3059 teos
867 3013 958 3055 tendum
968 3009 999 3045 κε.

554 3094 616 3139 resto
626 3085 657 3130 do
663 3085 715 3129 leur
727 3083 833 3125 lustuns.
