2160 3442
388 170 465 216 tutu
486 167 651 216 acnrcoune
938 159 973 212 tt

73 283 275 342 exsultante:
290 284 326 340 ed
340 286 486 340 auctorem
505 299 537 338 ac
551 281 684 351 ducem¹⁸,
707 286 738 339 ut
758 281 900 350 minister,
916 281 974 338 ior-

73 378 175 431 tunam
192 372 341 441 rcierebat.
363 371 405 427 ita
424 371 529 427 virtute
543 372 572 427 in
594 370 786 443 obsequendo,
805 368 975 426 verecundie

76 463 104 519 in
120 460 322 535 predicando⁴⁸
340 463 419 516 extra
438 458 571 515 invidiam
583 461 658 515 ncc¹¹
680 463 759 515 extra
771 458 892 531 gloriam
902 462 972 515 crat.

109 549 157 607 lX.
177 549 376 606 Revertentem
394 548 428 604 ab
445 547 601 619 legatione¹
622 547 745 620 legionis
764 545 846 602 divus
867 547 974 617 Vespa-

75 638 173 695 sianus
186 636 261 694 inter
278 635 413 708 patricios
432 634 557 706 ascivit⁸‚
567 651 599 690 ac
611 629 713 691 deinde
723 634 873 706 provinciae
887 635 972 706 Aqui-

74 725 159 783 taniae
179 723 342 798 preposuit,
355 722 509 795 splendidae
525 721 554 777 in
568 721 669 793 primis
688 721 856 794 dignitatisi
884 721 974 777 admi·

74 812 261 888 nistraticne⁴
273 829 304 869 ac
319 827 369 884 spe
383 811 577 878 consulatusi,
591 810 635 865 eui
652 808 834 865 destinaram
850 808 975 864 Credunt

74 901 204 976 plerique
225 899 396 957 militaribus
419 898 543 972 ingeniis
569 897 756 954 subtilitatem
776 898 885 964 deesse,
909 897 975 970 quia

73 989 229 1048 castrensis
241 989 400 1062 jurisdictio
415 1004 516 1044 secura
531 991 559 1042 et
574 986 722 1043 obtusior⁷
743 1004 776 1043 ac
789 987 872 1059 plura
888 1003 973 1042 manu

76 1093 166 1150 agens
186 1076 369 1133 calliditatem
386 1075 439 1132 tori
457 1091 513 1132 non
536 1078 672 1130 exerceat.
694 1074 826 1147 Agricola
851 1071 972 1129 naturali

74 1166 253 1236 prudentia⁸,
271 1166 402 1238 quamvis
417 1165 491 1221 inter
504 1167 645 1236 togatos⁰,
662 1163 743 1220 facile
760 1163 893 1235 justeque
907 1178 974 1234 age·

75 1256 135 1311 bet.
149 1255 213 1312 Jem
224 1271 292 1312 vero
307 1258 436 1326 tempora
450 1269 583 1310 curarum
596 1253 855 1325 remissionumque
866 1251 973 1307 divisa:

75 1342 125 1400 ubi
141 1346 297 1401 conventus
304 1346 328 1380 ¹⁰
342 1359 374 1398 ec
385 1341 491 1415 judicia
504 1345 694 1413 poscerent¹¹,
710 1341 818 1414 gravis,
836 1339 974 1408 intentus,

552 1464 624 1514 cales,
637 1464 674 1516 Xi,
689 1470 724 1508 25.
738 1486 764 1495 -
780 1470 800 1508 ³.
815 1462 975 1516 splendidae...

552 1529 681 1583 diqnitutis,
694 1527 772 1581 genitii
782 1525 909 1581 quetisscetii
920 1541 926 1570 :
944 1526 975 1569 di·

71 1467 157 1511 Oeeeuo
168 1464 272 1509 defendi.»
282 1487 307 1497 —
314 1470 345 1509 rt.
353 1465 496 1508 Eaesuttcoit.

72 1527 107 1572 Ci.
120 1527 154 1570 ch.
167 1534 191 1571 te
203 1538 232 1570 :u
247 1539 286 1571 nec
296 1526 397 1581 Agricola
414 1538 498 1582 prospe

72 1589 137 1634 ritate
154 1601 222 1632 rerum
242 1589 263 1632 in
280 1589 397 1633 sanitatem
417 1600 497 1632 usus.»

72 1654 272 1697 —ttatuctorem
281 1665 309 1696 nc
321 1654 410 1702 ducem,
421 1651 497 1696 cedd.

74 1725 139 1766 eum,
155 1713 223 1766 cujus
240 1714 356 1768 auspiciis
379 1725 406 1757 cc
427 1712 498 1754 ductu

74 1776 127 1829 ipse
133 1781 286 1830 puqnauerot.
297 1798 324 1807 -
340 1775 403 1820 tutu
413 1775 498 1824 predi·

74 1838 160 1880 cundo.
177 1837 259 1881 Encore
276 1849 306 1880 nn
326 1837 405 1891 regione
422 1840 498 1878 sent.

74 1899 148 1954 (ueste
159 1898 220 1951 sual.
230 1919 257 1930 -
269 1905 301 1942 ¹7.
313 1899 360 1940 Nec
373 1897 475 1952 e'quivaut
487 1897 498 1938 i

74 1969 150 2012 mue
157 1969 219 2001 carc.
227 1958 356 2013 liemarquez
368 1969 408 2012 que
418 1956 498 1999 chacun

74 2019 112 2062 des
124 2017 230 2073 chapitres
241 2018 278 2075 qui
290 2019 401 2073 precedent
415 2016 499 2071 (depuis

74 2080 96 2123 le
118 2080 182 2134 cbap.
207 2081 228 2136 t)
243 2085 277 2123 est
298 2079 393 2131 termine,
419 2091 499 2122 comme

74 2140 169 2196 celui-ei,
177 2153 215 2197 par
224 2153 252 2185 un
262 2140 319 2185 treit.
330 2141 420 2184 C'estuu
430 2151 498 2182 carac-

75 2205 120 2246 tere
140 2204 168 2247 du
181 2204 235 2259 style
249 2203 347 2255 cratein,
361 2216 386 2246 en
405 2202 498 2256 generat,

77 2270 107 2317 ct,
118 2263 167 2321 plus
179 2265 376 2320 particulitrement,
387 2264 475 2318 dustyle
487 2265 499 2305 i

78 2327 136 2378 suet,
145 2326 255 2370 recharedi
266 2337 304 2382 par
316 2326 347 2369 les
358 2325 461 2369 ecrivains
474 2325 499 2374 (le

76 2386 178 2443 I'emoire.

102 2448 140 2492 tx.
150 2458 168 2494 t.
179 2449 301 2505 deuotione
310 2447 411 2504 equissut
423 2449 434 2490 i
446 2460 498 2490 mu-

75 2522 132 2554 nere
140 2511 208 2566 teqatt'
215 2511 359 2567 (Dilbucrl.·-
367 2520 388 2556 2.
400 2511 498 2557 Asciot’t.

76 2571 183 2616 Burnoui:
191 2573 498 2626 ‹Ctsuretdugustecreerent

76 2632 114 2676 des
132 2634 253 2689 patricium,
268 2635 322 2678 mais
338 2646 375 2688 per
392 2646 432 2677 une
449 2633 496 2686 loi3

76 2692 156 2738 Claude
177 2696 201 2738 iit
220 2708 261 2738 une
280 2697 399 2751 promotion
419 2707 498 2738 comme

76 2768 180 2800 censear:
194 2757 267 2800 Tacite
281 2770 306 2800 ne
318 2758 350 2800 dit
360 2770 397 2812 pas
409 2757 442 2799 s'il
456 2757 498 2811 prit

76 2831 105 2862 uu
112 2819 312 2862 senatusconsultu.
322 2820 338 2862 il
349 2833 374 2863 ne
383 2819 498 2874 s'explique

76 2890 115 2934 pas
130 2880 247 2934 darantag'e
262 2893 299 2923 sur
313 2882 363 2924 celle
380 2883 405 2924 de
417 2881 498 2935 Vespa-

75 2940 130 2984 sien.
142 2943 163 2983 Α
174 2941 234 2997 peine
250 2942 349 2985 restait—il
368 2943 421 2986 deux
439 2948 499 2985 cents

76 3000 169 3045 iemiiles
183 3003 324 3059 patriciennes
336 3006 348 3046 'a
361 3003 499 3047 l'avtnement

76 3072 102 3107 oe
112 3075 136 3106 oe
150 3063 235 3119 priuos:
250 3065 266 3108 il
275 3078 300 3107 en
313 3072 371 3120 porta
382 3066 401 3108 ie
413 3065 498 3108 nombre

552 1590 611 1643 guito
633 1589 733 1632 brillants
751 1595 810 1632 entre
831 1590 862 1631 les
884 1590 934 1643 ptus
950 1590 975 1632 it·

552 1652 666 1694 lustres-
672 1655 693 1695 t.
704 1651 925 1704 Administratione,
939 1662 974 1703 nar

552 1711 695 1767 i'importance
706 1712 731 1756 de
739 1725 763 1755 ce
772 1716 975 1766 gouvernemeot.-

553 1781 572 1820 t.
594 1775 640 1829 Spe
663 1775 806 1824 consulatus,
826 1786 887 1829 parce
909 1773 973 1828 qu'uu

552 1841 611 1891 poste
621 1836 647 1879 de
654 1841 708 1879 cette
717 1837 847 1890 importunes
856 1835 974 1890 permettait

552 1897 655 1953 d'esperur
671 1898 691 1941 le
705 1897 810 1940 consulat.
825 1920 851 1928 -—
863 1903 882 1940 o.
902 1898 975 1938 Desti-

552 1964 628 2010 ncrat,
651 1959 803 2002 scus-entcndu
825 1959 971 2012 Agricolam.

552 2020 607 2074 ch.
620 2021 655 2063 ch.
672 2028 692 2070 t,
705 2026 754 2063 note
766 2028 798 2064 10.
812 2042 839 2051 -
849 2027 868 2063 7.
879 2021 974 2074 Securo,

552 2082 684 2125 absolumont
707 2083 767 2134 libro,
793 2083 876 2135 n'cyont
902 2093 939 2135 pas
962 2082 974 2124 i

552 2148 646 2198 comptor
665 2156 715 2187 avec
732 2144 763 2187 les
783 2143 890 2186 subtilite's
908 2145 933 2186 de
954 2142 974 2187 ir

553 2206 651 2259 cbicane;
674 2207 786 2259 obtusior,
808 2218 857 2249 sens
878 2205 972 2249 tinesse:

552 2268 603 2311 c'est
620 2269 638 2310 le
656 2268 759 2311 contraire
771 2270 796 2311 de
811 2268 871 2312 l'idc'e
886 2282 925 2324 que
942 2281 974 2311 re-

553 2331 649 2384 presents
676 2331 801 2373 subtilitas.
822 2354 848 2362 —
872 2338 891 2375 e.
915 2334 974 2373 Pru-

553 2391 638 2434 dentia.
652 2391 708 2434 C'est
727 2392 746 2434 la
762 2392 841 2446 qualite
854 2393 974 2435 dominante

553 2452 693 2506 d'Agricola:
709 2453 780 2496 Tacite
798 2466 810 2507 y
829 2454 909 2496 novient
925 2467 974 2497 sans

552 2526 619 2557 cesse.
634 2537 660 2545 -
673 2521 693 2559 s.
706 2516 817 2566 Quamuis
831 2517 893 2557 inter
912 2523 974 2569 toqu-

552 2581 594 2627 tes,
607 2576 710 2632 quoiqu’ii
722 2578 758 2620 cdt
770 2578 843 2620 aiiaire
858 2580 868 2619 i
881 2591 908 2620 uu
924 2589 974 2631 pays

552 2637 633 2691 pactos,
656 2639 737 2682 soumis
761 2652 787 2681 au
815 2639 893 2691 rogimc
915 2638 974 2681 civit.

553 2699 621 2753 Toqa,
634 2700 708 2743 l'babit
722 2701 770 2742 civil
790 2713 795 2742 :
813 2702 877 2741 Anu.
899 2700 914 2749 l,
931 2706 970 2744 59:

552 2775 564 2798 u
576 2760 632 2813 quod
645 2759 700 2802 inter
711 2759 783 2802 Albim
795 2768 816 2804 et
824 2761 920 2802 Rhenum
932 2759 975 2801 vir-

552 2830 593 2871 gas
604 2825 625 2862 et
634 2830 718 2862 secures
727 2827 749 2862 et
762 2826 832 2874 togam
846 2819 950 2871 viderint;
964 2834 974 2859 ι

552 2881 588 2932 xt,
603 2886 614 2924 5
627 2892 633 2923 ε
648 2881 759 2936 «plebem,
773 2895 819 2937 que
832 2887 881 2935 toga
898 2881 976 2923 enites-

552 2946 677 2985 ceret»-
697 2951 731 2988 to.
752 2944 888 2993 Conventus,
912 2946 975 2982 terune

552 3005 650 3047 consuere
667 3016 673 3047 z
691 3004 722 3046 les
741 3004 867 3047 assemblees
890 3001 976 3056 provin·

552 3065 623 3107 ciales.
636 3087 662 3095 -
680 3073 711 3108 tt.
728 3066 857 3106 Posoerent·
880 3064 909 3105 Le
927 3061 978 3102 sub-

77 3126 89 3168 i
103 3124 191 3171 mille·
207 3125 240 3170 Gt.
256 3133 315 3171 notre
334 3127 386 3170 tuit.
402 3128 440 3170 dn
450 3129 498 3169 An·
550 3125 629 3180 jonetit
640 3136 727 3179 marque
741 3125 759 3168 ie
772 3126 875 3167 caractere
886 3123 976 3163 indeter-
